{"id":"smogtours-gen8ou-887423","format":"[Gen 8] OU","players":["Runo","Luthier"],"log":"|inactive|Battle timer is ON: inactive players will automatically lose when time's up.\n|t:|1763078609\n|gametype|singles\n|player|p1|Runo|unknownf|\n|player|p2|Luthier|#luthier|\n|gen|8\n|tier|[Gen 8] OU\n|rule|Sleep Clause Mod: Limit one foe put to sleep\n|rule|Species Clause: Limit one of each Pok\u00e9mon\n|rule|OHKO Clause: OHKO moves are banned\n|rule|Evasion Items Clause: Evasion items are banned\n|rule|Evasion Moves Clause: Evasion moves are banned\n|rule|Endless Battle Clause: Forcing endless battles is banned\n|rule|HP Percentage Mod: HP is shown in percentages\n|rule|Dynamax Clause: You cannot dynamax\n|clearpoke\n|poke|p1|Melmetal|\n|poke|p1|Slowbro, F|\n|poke|p1|Tapu Koko|\n|poke|p1|Heatran, F|\n|poke|p1|Landorus-Therian, M|\n|poke|p1|Clefable, M|\n|poke|p2|Tornadus-Therian, M|\n|poke|p2|Rotom-Wash|\n|poke|p2|Clefable, F|\n|poke|p2|Hippowdon, M|\n|poke|p2|Melmetal|\n|poke|p2|Rillaboom, F|\n|teampreview\n|c|\u2606Luthier|hf\n|c|\u2606Runo|hf\n|inactive|Runo has 270 seconds left.\n|inactive|Luthier has 270 seconds left.\n|\n|t:|1763078667\n|teamsize|p1|6\n|teamsize|p2|6\n|start\n|switch|p1a: Slowbro|Slowbro, F|100\/100\n|switch|p2a: \ua9c3\ua9c3\ua9c3\ua9c3\ua9c3\ua9c3\ua9c3\ua9c3\ua9c3\ua9c3\ua9c3\ua9c3\ua9c3\ua9c3\ua9c3\ua9c3\ua9c3\ua9c3|Melmetal|100\/100\n|turn|1\n|inactive|Runo has 270 seconds left.\n|\n|t:|1763078711\n|move|p2a: \ua9c3\ua9c3\ua9c3\ua9c3\ua9c3\ua9c3\ua9c3\ua9c3\ua9c3\ua9c3\ua9c3\ua9c3\ua9c3\ua9c3\ua9c3\ua9c3\ua9c3\ua9c3|Toxic|p1a: Slowbro\n|-status|p1a: Slowbro|tox\n|move|p1a: Slowbro|Teleport|p1a: Slowbro\n|\n|t:|1763078720\n|switch|p1a: Landorus|Landorus-Therian, M|100\/100|[from] Teleport\n|-ability|p1a: Landorus|Intimidate|boost\n|-unboost|p2a: \ua9c3\ua9c3\ua9c3\ua9c3\ua9c3\ua9c3\ua9c3\ua9c3\ua9c3\ua9c3\ua9c3\ua9c3\ua9c3\ua9c3\ua9c3\ua9c3\ua9c3\ua9c3|atk|1\n|\n|upkeep\n|turn|2\n|\n|t:|1763078728\n|switch|p1a: Slowbro|Slowbro, F|100\/100 tox\n|switch|p2a: \ud808\udf7c\ud808\udf7c\ud808\udf7c\ud808\udf7c\ud808\udf7c\ud808\udf7c\ud808\udf7c\ud808\udf7c\ud808\udf7c|Tornadus-Therian, M|100\/100\n|\n|-damage|p1a: Slowbro|94\/100 tox|[from] psn\n|upkeep\n|turn|3\n|inactive|Runo has 270 seconds left.\n|\n|t:|1763078735\n|move|p2a: \ud808\udf7c\ud808\udf7c\ud808\udf7c\ud808\udf7c\ud808\udf7c\ud808\udf7c\ud808\udf7c\ud808\udf7c\ud808\udf7c|U-turn|p1a: Slowbro\n|-supereffective|p1a: Slowbro\n|-damage|p1a: Slowbro|75\/100 tox\n|\n|t:|1763078737\n|switch|p2a: \u102a\u102a\u102a\u102a\u102a\u102a\u102a\u102a\u102a\u102a\u102a\u102a\u102a\u102a\u102a\u102a\u102a\u102a|Rillaboom, F|100\/100|[from] U-turn\n|-fieldstart|move: Grassy Terrain|[from] ability: Grassy Surge|[of] p2a: \u102a\u102a\u102a\u102a\u102a\u102a\u102a\u102a\u102a\u102a\u102a\u102a\u102a\u102a\u102a\u102a\u102a\u102a\n|move|p1a: Slowbro|Teleport|p1a: Slowbro\n|inactive|Runo has 270 seconds left.\n|\n|t:|1763078748\n|switch|p1a: Heatran|Heatran, F|100\/100|[from] Teleport\n|\n|upkeep\n|turn|4\n|inactive|Runo has 270 seconds left.\n|inactive|Runo has 240 seconds left.\n|\n|t:|1763078792\n|switch|p2a: \ud808\udf7c\ud808\udf7c\ud808\udf7c\ud808\udf7c\ud808\udf7c\ud808\udf7c\ud808\udf7c\ud808\udf7c\ud808\udf7c|Tornadus-Therian, M|100\/100\n|move|p1a: Heatran|Magma Storm|p2a: \ud808\udf7c\ud808\udf7c\ud808\udf7c\ud808\udf7c\ud808\udf7c\ud808\udf7c\ud808\udf7c\ud808\udf7c\ud808\udf7c|[miss]\n|-miss|p1a: Heatran|p2a: \ud808\udf7c\ud808\udf7c\ud808\udf7c\ud808\udf7c\ud808\udf7c\ud808\udf7c\ud808\udf7c\ud808\udf7c\ud808\udf7c\n|\n|upkeep\n|turn|5\n|\n|t:|1763078798\n|switch|p1a: Slowbro|Slowbro, F|100\/100 tox\n|move|p2a: \ud808\udf7c\ud808\udf7c\ud808\udf7c\ud808\udf7c\ud808\udf7c\ud808\udf7c\ud808\udf7c\ud808\udf7c\ud808\udf7c|Knock Off|p1a: Slowbro\n|-supereffective|p1a: Slowbro\n|-damage|p1a: Slowbro|74\/100 tox\n|-enditem|p1a: Slowbro|Heavy-Duty Boots|[from] move: Knock Off|[of] p2a: \ud808\udf7c\ud808\udf7c\ud808\udf7c\ud808\udf7c\ud808\udf7c\ud808\udf7c\ud808\udf7c\ud808\udf7c\ud808\udf7c\n|\n|-heal|p1a: Slowbro|80\/100 tox|[from] Grassy Terrain\n|-damage|p1a: Slowbro|74\/100 tox|[from] psn\n|upkeep\n|turn|6\n|\n|t:|1763078811\n|move|p2a: \ud808\udf7c\ud808\udf7c\ud808\udf7c\ud808\udf7c\ud808\udf7c\ud808\udf7c\ud808\udf7c\ud808\udf7c\ud808\udf7c|U-turn|p1a: Slowbro\n|-supereffective|p1a: Slowbro\n|-damage|p1a: Slowbro|53\/100 tox\n|\n|t:|1763078812\n|switch|p2a: \ud809\udc2b\ud809\udc2b\ud809\udc2b\ud809\udc2b\ud809\udc2b\ud809\udc2b\ud809\udc2b\ud809\udc2b\ud809\udc2b|Hippowdon, M|100\/100|[from] U-turn\n|-weather|Sandstorm|[from] ability: Sand Stream|[of] p2a: \ud809\udc2b\ud809\udc2b\ud809\udc2b\ud809\udc2b\ud809\udc2b\ud809\udc2b\ud809\udc2b\ud809\udc2b\ud809\udc2b\n|move|p1a: Slowbro|Teleport|p1a: Slowbro\n|\n|t:|1763078821\n|switch|p1a: Melmetal|Melmetal|100\/100|[from] Teleport\n|\n|-weather|Sandstorm|[upkeep]\n|upkeep\n|turn|7\n|\n|t:|1763078826\n|move|p2a: \ud809\udc2b\ud809\udc2b\ud809\udc2b\ud809\udc2b\ud809\udc2b\ud809\udc2b\ud809\udc2b\ud809\udc2b\ud809\udc2b|Stealth Rock|p1a: Melmetal\n|-sidestart|p1: Runo|move: Stealth Rock\n|move|p1a: Melmetal|Double Iron Bash|p2a: \ud809\udc2b\ud809\udc2b\ud809\udc2b\ud809\udc2b\ud809\udc2b\ud809\udc2b\ud809\udc2b\ud809\udc2b\ud809\udc2b\n|-damage|p2a: \ud809\udc2b\ud809\udc2b\ud809\udc2b\ud809\udc2b\ud809\udc2b\ud809\udc2b\ud809\udc2b\ud809\udc2b\ud809\udc2b|50\/100\n|-damage|p2a: \ud809\udc2b\ud809\udc2b\ud809\udc2b\ud809\udc2b\ud809\udc2b\ud809\udc2b\ud809\udc2b\ud809\udc2b\ud809\udc2b|2\/100\n|-hitcount|p2a: \ud809\udc2b\ud809\udc2b\ud809\udc2b\ud809\udc2b\ud809\udc2b\ud809\udc2b\ud809\udc2b\ud809\udc2b\ud809\udc2b|2\n|\n|-weather|Sandstorm|[upkeep]\n|-heal|p2a: \ud809\udc2b\ud809\udc2b\ud809\udc2b\ud809\udc2b\ud809\udc2b\ud809\udc2b\ud809\udc2b\ud809\udc2b\ud809\udc2b|9\/100|[from] Grassy Terrain\n|-heal|p2a: \ud809\udc2b\ud809\udc2b\ud809\udc2b\ud809\udc2b\ud809\udc2b\ud809\udc2b\ud809\udc2b\ud809\udc2b\ud809\udc2b|15\/100|[from] item: Leftovers\n|-fieldend|move: Grassy Terrain\n|upkeep\n|turn|8\n|\n|t:|1763078840\n|switch|p2a: \ua9c1\ua9c1\ua9c1\ua9c1\ua9c1\ua9c1\ua9c1\ua9c1\ua9c1\ua9c1\ua9c1\ua9c1\ua9c1\ua9c1\ua9c1\ua9c1\ua9c1\ua9c1|Rotom-Wash|100\/100\n|move|p1a: Melmetal|Double Iron Bash|p2a: \ua9c1\ua9c1\ua9c1\ua9c1\ua9c1\ua9c1\ua9c1\ua9c1\ua9c1\ua9c1\ua9c1\ua9c1\ua9c1\ua9c1\ua9c1\ua9c1\ua9c1\ua9c1\n|-resisted|p2a: \ua9c1\ua9c1\ua9c1\ua9c1\ua9c1\ua9c1\ua9c1\ua9c1\ua9c1\ua9c1\ua9c1\ua9c1\ua9c1\ua9c1\ua9c1\ua9c1\ua9c1\ua9c1\n|-damage|p2a: \ua9c1\ua9c1\ua9c1\ua9c1\ua9c1\ua9c1\ua9c1\ua9c1\ua9c1\ua9c1\ua9c1\ua9c1\ua9c1\ua9c1\ua9c1\ua9c1\ua9c1\ua9c1|83\/100\n|-resisted|p2a: \ua9c1\ua9c1\ua9c1\ua9c1\ua9c1\ua9c1\ua9c1\ua9c1\ua9c1\ua9c1\ua9c1\ua9c1\ua9c1\ua9c1\ua9c1\ua9c1\ua9c1\ua9c1\n|-damage|p2a: \ua9c1\ua9c1\ua9c1\ua9c1\ua9c1\ua9c1\ua9c1\ua9c1\ua9c1\ua9c1\ua9c1\ua9c1\ua9c1\ua9c1\ua9c1\ua9c1\ua9c1\ua9c1|67\/100\n|-hitcount|p2a: \ua9c1\ua9c1\ua9c1\ua9c1\ua9c1\ua9c1\ua9c1\ua9c1\ua9c1\ua9c1\ua9c1\ua9c1\ua9c1\ua9c1\ua9c1\ua9c1\ua9c1\ua9c1|2\n|\n|-weather|Sandstorm|[upkeep]\n|-damage|p2a: \ua9c1\ua9c1\ua9c1\ua9c1\ua9c1\ua9c1\ua9c1\ua9c1\ua9c1\ua9c1\ua9c1\ua9c1\ua9c1\ua9c1\ua9c1\ua9c1\ua9c1\ua9c1|60\/100|[from] Sandstorm\n|-heal|p2a: \ua9c1\ua9c1\ua9c1\ua9c1\ua9c1\ua9c1\ua9c1\ua9c1\ua9c1\ua9c1\ua9c1\ua9c1\ua9c1\ua9c1\ua9c1\ua9c1\ua9c1\ua9c1|67\/100|[from] item: Leftovers\n|upkeep\n|turn|9\n|\n|t:|1763078864\n|switch|p1a: Clefable|Clefable, M|100\/100\n|move|p2a: \ua9c1\ua9c1\ua9c1\ua9c1\ua9c1\ua9c1\ua9c1\ua9c1\ua9c1\ua9c1\ua9c1\ua9c1\ua9c1\ua9c1\ua9c1\ua9c1\ua9c1\ua9c1|Volt Switch|p1a: Clefable\n|-damage|p1a: Clefable|78\/100\n|inactive|Luthier has 270 seconds left.\n|\n|t:|1763078913\n|switch|p2a: \ua9c3\ua9c3\ua9c3\ua9c3\ua9c3\ua9c3\ua9c3\ua9c3\ua9c3\ua9c3\ua9c3\ua9c3\ua9c3\ua9c3\ua9c3\ua9c3\ua9c3\ua9c3|Melmetal|100\/100|[from] Volt Switch\n|\n|-weather|Sandstorm|[upkeep]\n|upkeep\n|turn|10\n|\n|t:|1763078926\n|switch|p1a: Slowbro|Slowbro, F|87\/100 tox\n|-damage|p1a: Slowbro|74\/100 tox|[from] Stealth Rock\n|move|p2a: \ua9c3\ua9c3\ua9c3\ua9c3\ua9c3\ua9c3\ua9c3\ua9c3\ua9c3\ua9c3\ua9c3\ua9c3\ua9c3\ua9c3\ua9c3\ua9c3\ua9c3\ua9c3|Double Iron Bash|p1a: Slowbro\n|-resisted|p1a: Slowbro\n|-damage|p1a: Slowbro|59\/100 tox\n|-resisted|p1a: Slowbro\n|-damage|p1a: Slowbro|45\/100 tox\n|-hitcount|p1a: Slowbro|2\n|\n|-weather|none\n|-damage|p1a: Slowbro|39\/100 tox|[from] psn\n|upkeep\n|turn|11\n|\n|t:|1763078929\n|move|p2a: \ua9c3\ua9c3\ua9c3\ua9c3\ua9c3\ua9c3\ua9c3\ua9c3\ua9c3\ua9c3\ua9c3\ua9c3\ua9c3\ua9c3\ua9c3\ua9c3\ua9c3\ua9c3|Earthquake|p1a: Slowbro\n|-damage|p1a: Slowbro|10\/100 tox\n|move|p1a: Slowbro|Teleport|p1a: Slowbro\n|\n|t:|1763078933\n|switch|p1a: Landorus|Landorus-Therian, M|100\/100|[from] Teleport\n|-damage|p1a: Landorus|88\/100|[from] Stealth Rock\n|-ability|p1a: Landorus|Intimidate|boost\n|-unboost|p2a: \ua9c3\ua9c3\ua9c3\ua9c3\ua9c3\ua9c3\ua9c3\ua9c3\ua9c3\ua9c3\ua9c3\ua9c3\ua9c3\ua9c3\ua9c3\ua9c3\ua9c3\ua9c3|atk|1\n|\n|-heal|p1a: Landorus|94\/100|[from] item: Leftovers\n|upkeep\n|turn|12\n|\n|t:|1763078940\n|move|p1a: Landorus|Swords Dance|p1a: Landorus\n|-boost|p1a: Landorus|atk|2\n|move|p2a: \ua9c3\ua9c3\ua9c3\ua9c3\ua9c3\ua9c3\ua9c3\ua9c3\ua9c3\ua9c3\ua9c3\ua9c3\ua9c3\ua9c3\ua9c3\ua9c3\ua9c3\ua9c3|Toxic|p1a: Landorus\n|-status|p1a: Landorus|tox\n|\n|-heal|p1a: Landorus|99\/100 tox|[from] item: Leftovers\n|-damage|p1a: Landorus|94\/100 tox|[from] psn\n|upkeep\n|turn|13\n|\n|t:|1763078945\n|move|p2a: \ua9c3\ua9c3\ua9c3\ua9c3\ua9c3\ua9c3\ua9c3\ua9c3\ua9c3\ua9c3\ua9c3\ua9c3\ua9c3\ua9c3\ua9c3\ua9c3\ua9c3\ua9c3|Protect|p2a: \ua9c3\ua9c3\ua9c3\ua9c3\ua9c3\ua9c3\ua9c3\ua9c3\ua9c3\ua9c3\ua9c3\ua9c3\ua9c3\ua9c3\ua9c3\ua9c3\ua9c3\ua9c3\n|-singleturn|p2a: \ua9c3\ua9c3\ua9c3\ua9c3\ua9c3\ua9c3\ua9c3\ua9c3\ua9c3\ua9c3\ua9c3\ua9c3\ua9c3\ua9c3\ua9c3\ua9c3\ua9c3\ua9c3|Protect\n|move|p1a: Landorus|Earthquake|p2a: \ua9c3\ua9c3\ua9c3\ua9c3\ua9c3\ua9c3\ua9c3\ua9c3\ua9c3\ua9c3\ua9c3\ua9c3\ua9c3\ua9c3\ua9c3\ua9c3\ua9c3\ua9c3\n|-activate|p2a: \ua9c3\ua9c3\ua9c3\ua9c3\ua9c3\ua9c3\ua9c3\ua9c3\ua9c3\ua9c3\ua9c3\ua9c3\ua9c3\ua9c3\ua9c3\ua9c3\ua9c3\ua9c3|move: Protect\n|\n|-heal|p1a: Landorus|99\/100 tox|[from] item: Leftovers\n|-damage|p1a: Landorus|88\/100 tox|[from] psn\n|upkeep\n|turn|14\n|\n|t:|1763078949\n|move|p1a: Landorus|Stone Edge|p2a: \ua9c3\ua9c3\ua9c3\ua9c3\ua9c3\ua9c3\ua9c3\ua9c3\ua9c3\ua9c3\ua9c3\ua9c3\ua9c3\ua9c3\ua9c3\ua9c3\ua9c3\ua9c3\n|-resisted|p2a: \ua9c3\ua9c3\ua9c3\ua9c3\ua9c3\ua9c3\ua9c3\ua9c3\ua9c3\ua9c3\ua9c3\ua9c3\ua9c3\ua9c3\ua9c3\ua9c3\ua9c3\ua9c3\n|-damage|p2a: \ua9c3\ua9c3\ua9c3\ua9c3\ua9c3\ua9c3\ua9c3\ua9c3\ua9c3\ua9c3\ua9c3\ua9c3\ua9c3\ua9c3\ua9c3\ua9c3\ua9c3\ua9c3|80\/100\n|move|p2a: \ua9c3\ua9c3\ua9c3\ua9c3\ua9c3\ua9c3\ua9c3\ua9c3\ua9c3\ua9c3\ua9c3\ua9c3\ua9c3\ua9c3\ua9c3\ua9c3\ua9c3\ua9c3|Double Iron Bash|p1a: Landorus\n|-damage|p1a: Landorus|60\/100 tox\n|-damage|p1a: Landorus|31\/100 tox\n|-hitcount|p1a: Landorus|2\n|\n|-heal|p1a: Landorus|37\/100 tox|[from] item: Leftovers\n|-heal|p2a: \ua9c3\ua9c3\ua9c3\ua9c3\ua9c3\ua9c3\ua9c3\ua9c3\ua9c3\ua9c3\ua9c3\ua9c3\ua9c3\ua9c3\ua9c3\ua9c3\ua9c3\ua9c3|86\/100|[from] item: Leftovers\n|-damage|p1a: Landorus|19\/100 tox|[from] psn\n|upkeep\n|turn|15\n|\n|t:|1763078964\n|switch|p1a: Melmetal|Melmetal|100\/100\n|-damage|p1a: Melmetal|94\/100|[from] Stealth Rock\n|move|p2a: \ua9c3\ua9c3\ua9c3\ua9c3\ua9c3\ua9c3\ua9c3\ua9c3\ua9c3\ua9c3\ua9c3\ua9c3\ua9c3\ua9c3\ua9c3\ua9c3\ua9c3\ua9c3|Earthquake|p1a: Melmetal\n|-supereffective|p1a: Melmetal\n|-damage|p1a: Melmetal|63\/100\n|\n|-heal|p2a: \ua9c3\ua9c3\ua9c3\ua9c3\ua9c3\ua9c3\ua9c3\ua9c3\ua9c3\ua9c3\ua9c3\ua9c3\ua9c3\ua9c3\ua9c3\ua9c3\ua9c3\ua9c3|93\/100|[from] item: Leftovers\n|upkeep\n|turn|16\n|\n|t:|1763078969\n|move|p2a: \ua9c3\ua9c3\ua9c3\ua9c3\ua9c3\ua9c3\ua9c3\ua9c3\ua9c3\ua9c3\ua9c3\ua9c3\ua9c3\ua9c3\ua9c3\ua9c3\ua9c3\ua9c3|Protect|p2a: \ua9c3\ua9c3\ua9c3\ua9c3\ua9c3\ua9c3\ua9c3\ua9c3\ua9c3\ua9c3\ua9c3\ua9c3\ua9c3\ua9c3\ua9c3\ua9c3\ua9c3\ua9c3\n|-singleturn|p2a: \ua9c3\ua9c3\ua9c3\ua9c3\ua9c3\ua9c3\ua9c3\ua9c3\ua9c3\ua9c3\ua9c3\ua9c3\ua9c3\ua9c3\ua9c3\ua9c3\ua9c3\ua9c3|Protect\n|move|p1a: Melmetal|Earthquake|p2a: \ua9c3\ua9c3\ua9c3\ua9c3\ua9c3\ua9c3\ua9c3\ua9c3\ua9c3\ua9c3\ua9c3\ua9c3\ua9c3\ua9c3\ua9c3\ua9c3\ua9c3\ua9c3\n|-activate|p2a: \ua9c3\ua9c3\ua9c3\ua9c3\ua9c3\ua9c3\ua9c3\ua9c3\ua9c3\ua9c3\ua9c3\ua9c3\ua9c3\ua9c3\ua9c3\ua9c3\ua9c3\ua9c3|move: Protect\n|\n|-heal|p2a: \ua9c3\ua9c3\ua9c3\ua9c3\ua9c3\ua9c3\ua9c3\ua9c3\ua9c3\ua9c3\ua9c3\ua9c3\ua9c3\ua9c3\ua9c3\ua9c3\ua9c3\ua9c3|99\/100|[from] item: Leftovers\n|upkeep\n|turn|17\n|\n|t:|1763078975\n|switch|p2a: \u102a\u102a\u102a\u102a\u102a\u102a\u102a\u102a\u102a\u102a\u102a\u102a\u102a\u102a\u102a\u102a\u102a\u102a|Rillaboom, F|100\/100\n|-fieldstart|move: Grassy Terrain|[from] ability: Grassy Surge|[of] p2a: \u102a\u102a\u102a\u102a\u102a\u102a\u102a\u102a\u102a\u102a\u102a\u102a\u102a\u102a\u102a\u102a\u102a\u102a\n|move|p1a: Melmetal|Earthquake|p2a: \u102a\u102a\u102a\u102a\u102a\u102a\u102a\u102a\u102a\u102a\u102a\u102a\u102a\u102a\u102a\u102a\u102a\u102a\n|-resisted|p2a: \u102a\u102a\u102a\u102a\u102a\u102a\u102a\u102a\u102a\u102a\u102a\u102a\u102a\u102a\u102a\u102a\u102a\u102a\n|-damage|p2a: \u102a\u102a\u102a\u102a\u102a\u102a\u102a\u102a\u102a\u102a\u102a\u102a\u102a\u102a\u102a\u102a\u102a\u102a|85\/100\n|\n|-heal|p2a: \u102a\u102a\u102a\u102a\u102a\u102a\u102a\u102a\u102a\u102a\u102a\u102a\u102a\u102a\u102a\u102a\u102a\u102a|92\/100|[from] Grassy Terrain\n|-heal|p2a: \u102a\u102a\u102a\u102a\u102a\u102a\u102a\u102a\u102a\u102a\u102a\u102a\u102a\u102a\u102a\u102a\u102a\u102a|98\/100|[from] item: Leftovers\n|-heal|p1a: Melmetal|69\/100|[from] Grassy Terrain\n|upkeep\n|turn|18\n|\n|t:|1763078982\n|switch|p2a: \ud809\udc2b\ud809\udc2b\ud809\udc2b\ud809\udc2b\ud809\udc2b\ud809\udc2b\ud809\udc2b\ud809\udc2b\ud809\udc2b|Hippowdon, M|15\/100\n|-weather|Sandstorm|[from] ability: Sand Stream|[of] p2a: \ud809\udc2b\ud809\udc2b\ud809\udc2b\ud809\udc2b\ud809\udc2b\ud809\udc2b\ud809\udc2b\ud809\udc2b\ud809\udc2b\n|switch|p1a: Landorus|Landorus-Therian, M|19\/100 tox\n|-damage|p1a: Landorus|7\/100 tox|[from] Stealth Rock\n|-ability|p1a: Landorus|Intimidate|boost\n|-unboost|p2a: \ud809\udc2b\ud809\udc2b\ud809\udc2b\ud809\udc2b\ud809\udc2b\ud809\udc2b\ud809\udc2b\ud809\udc2b\ud809\udc2b|atk|1\n|\n|-weather|Sandstorm|[upkeep]\n|-heal|p1a: Landorus|13\/100 tox|[from] item: Leftovers\n|-heal|p2a: \ud809\udc2b\ud809\udc2b\ud809\udc2b\ud809\udc2b\ud809\udc2b\ud809\udc2b\ud809\udc2b\ud809\udc2b\ud809\udc2b|21\/100|[from] Grassy Terrain\n|-heal|p2a: \ud809\udc2b\ud809\udc2b\ud809\udc2b\ud809\udc2b\ud809\udc2b\ud809\udc2b\ud809\udc2b\ud809\udc2b\ud809\udc2b|27\/100|[from] item: Leftovers\n|-damage|p1a: Landorus|7\/100 tox|[from] psn\n|upkeep\n|turn|19\n|inactive|Luthier has 270 seconds left.\n|\n|t:|1763079023\n|move|p1a: Landorus|Defog|p2a: \ud809\udc2b\ud809\udc2b\ud809\udc2b\ud809\udc2b\ud809\udc2b\ud809\udc2b\ud809\udc2b\ud809\udc2b\ud809\udc2b\n|-unboost|p2a: \ud809\udc2b\ud809\udc2b\ud809\udc2b\ud809\udc2b\ud809\udc2b\ud809\udc2b\ud809\udc2b\ud809\udc2b\ud809\udc2b|evasion|1\n|-sideend|p1: Runo|Stealth Rock|[from] move: Defog|[of] p1a: Landorus\n|-fieldend|move: Grassy Terrain\n|move|p2a: \ud809\udc2b\ud809\udc2b\ud809\udc2b\ud809\udc2b\ud809\udc2b\ud809\udc2b\ud809\udc2b\ud809\udc2b\ud809\udc2b|Slack Off|p2a: \ud809\udc2b\ud809\udc2b\ud809\udc2b\ud809\udc2b\ud809\udc2b\ud809\udc2b\ud809\udc2b\ud809\udc2b\ud809\udc2b\n|-heal|p2a: \ud809\udc2b\ud809\udc2b\ud809\udc2b\ud809\udc2b\ud809\udc2b\ud809\udc2b\ud809\udc2b\ud809\udc2b\ud809\udc2b|77\/100\n|\n|-weather|Sandstorm|[upkeep]\n|-heal|p1a: Landorus|13\/100 tox|[from] item: Leftovers\n|-heal|p2a: \ud809\udc2b\ud809\udc2b\ud809\udc2b\ud809\udc2b\ud809\udc2b\ud809\udc2b\ud809\udc2b\ud809\udc2b\ud809\udc2b|83\/100|[from] item: Leftovers\n|-damage|p1a: Landorus|0 fnt|[from] psn\n|faint|p1a: Landorus\n|upkeep\n|\n|t:|1763079027\n|switch|p1a: Melmetal|Melmetal|69\/100\n|turn|20\n|inactive|Luthier has 270 seconds left.\n|\n|t:|1763079033\n|switch|p2a: \ua9c1\ua9c1\ua9c1\ua9c1\ua9c1\ua9c1\ua9c1\ua9c1\ua9c1\ua9c1\ua9c1\ua9c1\ua9c1\ua9c1\ua9c1\ua9c1\ua9c1\ua9c1|Rotom-Wash|67\/100\n|move|p1a: Melmetal|Double Iron Bash|p2a: \ua9c1\ua9c1\ua9c1\ua9c1\ua9c1\ua9c1\ua9c1\ua9c1\ua9c1\ua9c1\ua9c1\ua9c1\ua9c1\ua9c1\ua9c1\ua9c1\ua9c1\ua9c1\n|-resisted|p2a: \ua9c1\ua9c1\ua9c1\ua9c1\ua9c1\ua9c1\ua9c1\ua9c1\ua9c1\ua9c1\ua9c1\ua9c1\ua9c1\ua9c1\ua9c1\ua9c1\ua9c1\ua9c1\n|-damage|p2a: \ua9c1\ua9c1\ua9c1\ua9c1\ua9c1\ua9c1\ua9c1\ua9c1\ua9c1\ua9c1\ua9c1\ua9c1\ua9c1\ua9c1\ua9c1\ua9c1\ua9c1\ua9c1|50\/100\n|-resisted|p2a: \ua9c1\ua9c1\ua9c1\ua9c1\ua9c1\ua9c1\ua9c1\ua9c1\ua9c1\ua9c1\ua9c1\ua9c1\ua9c1\ua9c1\ua9c1\ua9c1\ua9c1\ua9c1\n|-damage|p2a: \ua9c1\ua9c1\ua9c1\ua9c1\ua9c1\ua9c1\ua9c1\ua9c1\ua9c1\ua9c1\ua9c1\ua9c1\ua9c1\ua9c1\ua9c1\ua9c1\ua9c1\ua9c1|32\/100\n|-hitcount|p2a: \ua9c1\ua9c1\ua9c1\ua9c1\ua9c1\ua9c1\ua9c1\ua9c1\ua9c1\ua9c1\ua9c1\ua9c1\ua9c1\ua9c1\ua9c1\ua9c1\ua9c1\ua9c1|2\n|\n|-weather|Sandstorm|[upkeep]\n|-damage|p2a: \ua9c1\ua9c1\ua9c1\ua9c1\ua9c1\ua9c1\ua9c1\ua9c1\ua9c1\ua9c1\ua9c1\ua9c1\ua9c1\ua9c1\ua9c1\ua9c1\ua9c1\ua9c1|26\/100|[from] Sandstorm\n|-heal|p2a: \ua9c1\ua9c1\ua9c1\ua9c1\ua9c1\ua9c1\ua9c1\ua9c1\ua9c1\ua9c1\ua9c1\ua9c1\ua9c1\ua9c1\ua9c1\ua9c1\ua9c1\ua9c1|32\/100|[from] item: Leftovers\n|upkeep\n|turn|21\n|inactive|Luthier has 270 seconds left.\n|\n|t:|1763079043\n|move|p2a: \ua9c1\ua9c1\ua9c1\ua9c1\ua9c1\ua9c1\ua9c1\ua9c1\ua9c1\ua9c1\ua9c1\ua9c1\ua9c1\ua9c1\ua9c1\ua9c1\ua9c1\ua9c1|Volt Switch|p1a: Melmetal\n|-damage|p1a: Melmetal|46\/100\n|\n|t:|1763079046\n|switch|p2a: \ua9c3\ua9c3\ua9c3\ua9c3\ua9c3\ua9c3\ua9c3\ua9c3\ua9c3\ua9c3\ua9c3\ua9c3\ua9c3\ua9c3\ua9c3\ua9c3\ua9c3\ua9c3|Melmetal|99\/100|[from] Volt Switch\n|move|p1a: Melmetal|Double Iron Bash|p2a: \ua9c3\ua9c3\ua9c3\ua9c3\ua9c3\ua9c3\ua9c3\ua9c3\ua9c3\ua9c3\ua9c3\ua9c3\ua9c3\ua9c3\ua9c3\ua9c3\ua9c3\ua9c3\n|-resisted|p2a: \ua9c3\ua9c3\ua9c3\ua9c3\ua9c3\ua9c3\ua9c3\ua9c3\ua9c3\ua9c3\ua9c3\ua9c3\ua9c3\ua9c3\ua9c3\ua9c3\ua9c3\ua9c3\n|-damage|p2a: \ua9c3\ua9c3\ua9c3\ua9c3\ua9c3\ua9c3\ua9c3\ua9c3\ua9c3\ua9c3\ua9c3\ua9c3\ua9c3\ua9c3\ua9c3\ua9c3\ua9c3\ua9c3|78\/100\n|-resisted|p2a: \ua9c3\ua9c3\ua9c3\ua9c3\ua9c3\ua9c3\ua9c3\ua9c3\ua9c3\ua9c3\ua9c3\ua9c3\ua9c3\ua9c3\ua9c3\ua9c3\ua9c3\ua9c3\n|-damage|p2a: \ua9c3\ua9c3\ua9c3\ua9c3\ua9c3\ua9c3\ua9c3\ua9c3\ua9c3\ua9c3\ua9c3\ua9c3\ua9c3\ua9c3\ua9c3\ua9c3\ua9c3\ua9c3|57\/100\n|-hitcount|p2a: \ua9c3\ua9c3\ua9c3\ua9c3\ua9c3\ua9c3\ua9c3\ua9c3\ua9c3\ua9c3\ua9c3\ua9c3\ua9c3\ua9c3\ua9c3\ua9c3\ua9c3\ua9c3|2\n|\n|-weather|Sandstorm|[upkeep]\n|-heal|p2a: \ua9c3\ua9c3\ua9c3\ua9c3\ua9c3\ua9c3\ua9c3\ua9c3\ua9c3\ua9c3\ua9c3\ua9c3\ua9c3\ua9c3\ua9c3\ua9c3\ua9c3\ua9c3|63\/100|[from] item: Leftovers\n|upkeep\n|turn|22\n|\n|t:|1763079052\n|switch|p1a: Slowbro|Slowbro, F|44\/100 tox\n|move|p2a: \ua9c3\ua9c3\ua9c3\ua9c3\ua9c3\ua9c3\ua9c3\ua9c3\ua9c3\ua9c3\ua9c3\ua9c3\ua9c3\ua9c3\ua9c3\ua9c3\ua9c3\ua9c3|Earthquake|p1a: Slowbro\n|-damage|p1a: Slowbro|15\/100 tox\n|\n|-weather|none\n|-heal|p2a: \ua9c3\ua9c3\ua9c3\ua9c3\ua9c3\ua9c3\ua9c3\ua9c3\ua9c3\ua9c3\ua9c3\ua9c3\ua9c3\ua9c3\ua9c3\ua9c3\ua9c3\ua9c3|69\/100|[from] item: Leftovers\n|-damage|p1a: Slowbro|9\/100 tox|[from] psn\n|upkeep\n|turn|23\n|\n|t:|1763079055\n|move|p2a: \ua9c3\ua9c3\ua9c3\ua9c3\ua9c3\ua9c3\ua9c3\ua9c3\ua9c3\ua9c3\ua9c3\ua9c3\ua9c3\ua9c3\ua9c3\ua9c3\ua9c3\ua9c3|Earthquake|p1a: Slowbro\n|-damage|p1a: Slowbro|0 fnt\n|faint|p1a: Slowbro\n|\n|-heal|p2a: \ua9c3\ua9c3\ua9c3\ua9c3\ua9c3\ua9c3\ua9c3\ua9c3\ua9c3\ua9c3\ua9c3\ua9c3\ua9c3\ua9c3\ua9c3\ua9c3\ua9c3\ua9c3|75\/100|[from] item: Leftovers\n|upkeep\n|\n|t:|1763079068\n|switch|p1a: Heatran|Heatran, F|100\/100\n|turn|24\n|\n|t:|1763079076\n|switch|p2a: \ud809\udc2b\ud809\udc2b\ud809\udc2b\ud809\udc2b\ud809\udc2b\ud809\udc2b\ud809\udc2b\ud809\udc2b\ud809\udc2b|Hippowdon, M|83\/100\n|-weather|Sandstorm|[from] ability: Sand Stream|[of] p2a: \ud809\udc2b\ud809\udc2b\ud809\udc2b\ud809\udc2b\ud809\udc2b\ud809\udc2b\ud809\udc2b\ud809\udc2b\ud809\udc2b\n|move|p1a: Heatran|Magma Storm|p2a: \ud809\udc2b\ud809\udc2b\ud809\udc2b\ud809\udc2b\ud809\udc2b\ud809\udc2b\ud809\udc2b\ud809\udc2b\ud809\udc2b|[miss]\n|-miss|p1a: Heatran|p2a: \ud809\udc2b\ud809\udc2b\ud809\udc2b\ud809\udc2b\ud809\udc2b\ud809\udc2b\ud809\udc2b\ud809\udc2b\ud809\udc2b\n|\n|-weather|Sandstorm|[upkeep]\n|-heal|p2a: \ud809\udc2b\ud809\udc2b\ud809\udc2b\ud809\udc2b\ud809\udc2b\ud809\udc2b\ud809\udc2b\ud809\udc2b\ud809\udc2b|90\/100|[from] item: Leftovers\n|upkeep\n|turn|25\n|\n|t:|1763079082\n|switch|p1a: Clefable|Clefable, M|78\/100\n|move|p2a: \ud809\udc2b\ud809\udc2b\ud809\udc2b\ud809\udc2b\ud809\udc2b\ud809\udc2b\ud809\udc2b\ud809\udc2b\ud809\udc2b|Earthquake|p1a: Clefable\n|-damage|p1a: Clefable|48\/100\n|\n|-weather|Sandstorm|[upkeep]\n|-heal|p2a: \ud809\udc2b\ud809\udc2b\ud809\udc2b\ud809\udc2b\ud809\udc2b\ud809\udc2b\ud809\udc2b\ud809\udc2b\ud809\udc2b|96\/100|[from] item: Leftovers\n|upkeep\n|turn|26\n|\n|t:|1763079088\n|switch|p1a: Melmetal|Melmetal|46\/100\n|switch|p2a: \ua9c5\ua9c5\ua9c5\ua9c5\ua9c5\ua9c5\ua9c5\ua9c5\ua9c5\ua9c5\ua9c5\ua9c5\ua9c5\ua9c5\ua9c5\ua9c5\ua9c5\ua9c5|Clefable, F|100\/100\n|\n|-weather|Sandstorm|[upkeep]\n|upkeep\n|turn|27\n|\n|t:|1763079100\n|switch|p2a: \ud808\udf7c\ud808\udf7c\ud808\udf7c\ud808\udf7c\ud808\udf7c\ud808\udf7c\ud808\udf7c\ud808\udf7c\ud808\udf7c|Tornadus-Therian, M|100\/100\n|move|p1a: Melmetal|Double Iron Bash|p2a: \ud808\udf7c\ud808\udf7c\ud808\udf7c\ud808\udf7c\ud808\udf7c\ud808\udf7c\ud808\udf7c\ud808\udf7c\ud808\udf7c\n|-damage|p2a: \ud808\udf7c\ud808\udf7c\ud808\udf7c\ud808\udf7c\ud808\udf7c\ud808\udf7c\ud808\udf7c\ud808\udf7c\ud808\udf7c|37\/100\n|-damage|p2a: \ud808\udf7c\ud808\udf7c\ud808\udf7c\ud808\udf7c\ud808\udf7c\ud808\udf7c\ud808\udf7c\ud808\udf7c\ud808\udf7c|0 fnt\n|faint|p2a: \ud808\udf7c\ud808\udf7c\ud808\udf7c\ud808\udf7c\ud808\udf7c\ud808\udf7c\ud808\udf7c\ud808\udf7c\ud808\udf7c\n|-hitcount|p2: \ud808\udf7c\ud808\udf7c\ud808\udf7c\ud808\udf7c\ud808\udf7c\ud808\udf7c\ud808\udf7c\ud808\udf7c\ud808\udf7c|2\n|\n|-weather|Sandstorm|[upkeep]\n|upkeep\n|\n|t:|1763079103\n|switch|p2a: \ua9c3\ua9c3\ua9c3\ua9c3\ua9c3\ua9c3\ua9c3\ua9c3\ua9c3\ua9c3\ua9c3\ua9c3\ua9c3\ua9c3\ua9c3\ua9c3\ua9c3\ua9c3|Melmetal|75\/100\n|turn|28\n|\n|t:|1763079113\n|move|p1a: Melmetal|Double Iron Bash|p2a: \ua9c3\ua9c3\ua9c3\ua9c3\ua9c3\ua9c3\ua9c3\ua9c3\ua9c3\ua9c3\ua9c3\ua9c3\ua9c3\ua9c3\ua9c3\ua9c3\ua9c3\ua9c3\n|-resisted|p2a: \ua9c3\ua9c3\ua9c3\ua9c3\ua9c3\ua9c3\ua9c3\ua9c3\ua9c3\ua9c3\ua9c3\ua9c3\ua9c3\ua9c3\ua9c3\ua9c3\ua9c3\ua9c3\n|-damage|p2a: \ua9c3\ua9c3\ua9c3\ua9c3\ua9c3\ua9c3\ua9c3\ua9c3\ua9c3\ua9c3\ua9c3\ua9c3\ua9c3\ua9c3\ua9c3\ua9c3\ua9c3\ua9c3|57\/100\n|-resisted|p2a: \ua9c3\ua9c3\ua9c3\ua9c3\ua9c3\ua9c3\ua9c3\ua9c3\ua9c3\ua9c3\ua9c3\ua9c3\ua9c3\ua9c3\ua9c3\ua9c3\ua9c3\ua9c3\n|-damage|p2a: \ua9c3\ua9c3\ua9c3\ua9c3\ua9c3\ua9c3\ua9c3\ua9c3\ua9c3\ua9c3\ua9c3\ua9c3\ua9c3\ua9c3\ua9c3\ua9c3\ua9c3\ua9c3|36\/100\n|-hitcount|p2a: \ua9c3\ua9c3\ua9c3\ua9c3\ua9c3\ua9c3\ua9c3\ua9c3\ua9c3\ua9c3\ua9c3\ua9c3\ua9c3\ua9c3\ua9c3\ua9c3\ua9c3\ua9c3|2\n|cant|p2a: \ua9c3\ua9c3\ua9c3\ua9c3\ua9c3\ua9c3\ua9c3\ua9c3\ua9c3\ua9c3\ua9c3\ua9c3\ua9c3\ua9c3\ua9c3\ua9c3\ua9c3\ua9c3|flinch\n|\n|-weather|none\n|-heal|p2a: \ua9c3\ua9c3\ua9c3\ua9c3\ua9c3\ua9c3\ua9c3\ua9c3\ua9c3\ua9c3\ua9c3\ua9c3\ua9c3\ua9c3\ua9c3\ua9c3\ua9c3\ua9c3|42\/100|[from] item: Leftovers\n|upkeep\n|turn|29\n|\n|t:|1763079127\n|switch|p1a: Tapu Koko|Tapu Koko|100\/100\n|-fieldstart|move: Electric Terrain|[from] ability: Electric Surge|[of] p1a: Tapu Koko\n|move|p2a: \ua9c3\ua9c3\ua9c3\ua9c3\ua9c3\ua9c3\ua9c3\ua9c3\ua9c3\ua9c3\ua9c3\ua9c3\ua9c3\ua9c3\ua9c3\ua9c3\ua9c3\ua9c3|Earthquake|p1a: Tapu Koko\n|-supereffective|p1a: Tapu Koko\n|-damage|p1a: Tapu Koko|0 fnt\n|faint|p1a: Tapu Koko\n|\n|-heal|p2a: \ua9c3\ua9c3\ua9c3\ua9c3\ua9c3\ua9c3\ua9c3\ua9c3\ua9c3\ua9c3\ua9c3\ua9c3\ua9c3\ua9c3\ua9c3\ua9c3\ua9c3\ua9c3|48\/100|[from] item: Leftovers\n|upkeep\n|\n|t:|1763079128\n|switch|p1a: Heatran|Heatran, F|100\/100\n|turn|30\n|\n|t:|1763079141\n|switch|p1a: Melmetal|Melmetal|46\/100\n|switch|p2a: \ud809\udc2b\ud809\udc2b\ud809\udc2b\ud809\udc2b\ud809\udc2b\ud809\udc2b\ud809\udc2b\ud809\udc2b\ud809\udc2b|Hippowdon, M|96\/100\n|-weather|Sandstorm|[from] ability: Sand Stream|[of] p2a: \ud809\udc2b\ud809\udc2b\ud809\udc2b\ud809\udc2b\ud809\udc2b\ud809\udc2b\ud809\udc2b\ud809\udc2b\ud809\udc2b\n|\n|-weather|Sandstorm|[upkeep]\n|-heal|p2a: \ud809\udc2b\ud809\udc2b\ud809\udc2b\ud809\udc2b\ud809\udc2b\ud809\udc2b\ud809\udc2b\ud809\udc2b\ud809\udc2b|100\/100|[from] item: Leftovers\n|upkeep\n|turn|31\n|\n|t:|1763079148\n|switch|p2a: \u102a\u102a\u102a\u102a\u102a\u102a\u102a\u102a\u102a\u102a\u102a\u102a\u102a\u102a\u102a\u102a\u102a\u102a|Rillaboom, F|98\/100\n|-fieldstart|move: Grassy Terrain|[from] ability: Grassy Surge|[of] p2a: \u102a\u102a\u102a\u102a\u102a\u102a\u102a\u102a\u102a\u102a\u102a\u102a\u102a\u102a\u102a\u102a\u102a\u102a\n|move|p1a: Melmetal|Double Iron Bash|p2a: \u102a\u102a\u102a\u102a\u102a\u102a\u102a\u102a\u102a\u102a\u102a\u102a\u102a\u102a\u102a\u102a\u102a\u102a\n|-damage|p2a: \u102a\u102a\u102a\u102a\u102a\u102a\u102a\u102a\u102a\u102a\u102a\u102a\u102a\u102a\u102a\u102a\u102a\u102a|35\/100\n|-damage|p2a: \u102a\u102a\u102a\u102a\u102a\u102a\u102a\u102a\u102a\u102a\u102a\u102a\u102a\u102a\u102a\u102a\u102a\u102a|0 fnt\n|faint|p2a: \u102a\u102a\u102a\u102a\u102a\u102a\u102a\u102a\u102a\u102a\u102a\u102a\u102a\u102a\u102a\u102a\u102a\u102a\n|-hitcount|p2: \u102a\u102a\u102a\u102a\u102a\u102a\u102a\u102a\u102a\u102a\u102a\u102a\u102a\u102a\u102a\u102a\u102a\u102a|2\n|\n|-weather|Sandstorm|[upkeep]\n|-heal|p1a: Melmetal|52\/100|[from] Grassy Terrain\n|upkeep\n|\n|t:|1763079151\n|switch|p2a: \ua9c3\ua9c3\ua9c3\ua9c3\ua9c3\ua9c3\ua9c3\ua9c3\ua9c3\ua9c3\ua9c3\ua9c3\ua9c3\ua9c3\ua9c3\ua9c3\ua9c3\ua9c3|Melmetal|48\/100\n|turn|32\n|\n|t:|1763079163\n|switch|p1a: Heatran|Heatran, F|100\/100\n|move|p2a: \ua9c3\ua9c3\ua9c3\ua9c3\ua9c3\ua9c3\ua9c3\ua9c3\ua9c3\ua9c3\ua9c3\ua9c3\ua9c3\ua9c3\ua9c3\ua9c3\ua9c3\ua9c3|Earthquake|p1a: Heatran\n|-supereffective|p1a: Heatran\n|-damage|p1a: Heatran|37\/100\n|\n|-weather|Sandstorm|[upkeep]\n|-heal|p1a: Heatran|43\/100|[from] Grassy Terrain\n|-heal|p1a: Heatran|50\/100|[from] item: Leftovers\n|-heal|p2a: \ua9c3\ua9c3\ua9c3\ua9c3\ua9c3\ua9c3\ua9c3\ua9c3\ua9c3\ua9c3\ua9c3\ua9c3\ua9c3\ua9c3\ua9c3\ua9c3\ua9c3\ua9c3|54\/100|[from] Grassy Terrain\n|-heal|p2a: \ua9c3\ua9c3\ua9c3\ua9c3\ua9c3\ua9c3\ua9c3\ua9c3\ua9c3\ua9c3\ua9c3\ua9c3\ua9c3\ua9c3\ua9c3\ua9c3\ua9c3\ua9c3|60\/100|[from] item: Leftovers\n|upkeep\n|turn|33\n|\n|t:|1763079170\n|move|p2a: \ua9c3\ua9c3\ua9c3\ua9c3\ua9c3\ua9c3\ua9c3\ua9c3\ua9c3\ua9c3\ua9c3\ua9c3\ua9c3\ua9c3\ua9c3\ua9c3\ua9c3\ua9c3|Protect|p2a: \ua9c3\ua9c3\ua9c3\ua9c3\ua9c3\ua9c3\ua9c3\ua9c3\ua9c3\ua9c3\ua9c3\ua9c3\ua9c3\ua9c3\ua9c3\ua9c3\ua9c3\ua9c3\n|-singleturn|p2a: \ua9c3\ua9c3\ua9c3\ua9c3\ua9c3\ua9c3\ua9c3\ua9c3\ua9c3\ua9c3\ua9c3\ua9c3\ua9c3\ua9c3\ua9c3\ua9c3\ua9c3\ua9c3|Protect\n|move|p1a: Heatran|Toxic|p2a: \ua9c3\ua9c3\ua9c3\ua9c3\ua9c3\ua9c3\ua9c3\ua9c3\ua9c3\ua9c3\ua9c3\ua9c3\ua9c3\ua9c3\ua9c3\ua9c3\ua9c3\ua9c3\n|-activate|p2a: \ua9c3\ua9c3\ua9c3\ua9c3\ua9c3\ua9c3\ua9c3\ua9c3\ua9c3\ua9c3\ua9c3\ua9c3\ua9c3\ua9c3\ua9c3\ua9c3\ua9c3\ua9c3|move: Protect\n|\n|-weather|Sandstorm|[upkeep]\n|-heal|p1a: Heatran|56\/100|[from] Grassy Terrain\n|-heal|p1a: Heatran|62\/100|[from] item: Leftovers\n|-heal|p2a: \ua9c3\ua9c3\ua9c3\ua9c3\ua9c3\ua9c3\ua9c3\ua9c3\ua9c3\ua9c3\ua9c3\ua9c3\ua9c3\ua9c3\ua9c3\ua9c3\ua9c3\ua9c3|67\/100|[from] Grassy Terrain\n|-heal|p2a: \ua9c3\ua9c3\ua9c3\ua9c3\ua9c3\ua9c3\ua9c3\ua9c3\ua9c3\ua9c3\ua9c3\ua9c3\ua9c3\ua9c3\ua9c3\ua9c3\ua9c3\ua9c3|73\/100|[from] item: Leftovers\n|upkeep\n|turn|34\n|\n|t:|1763079178\n|switch|p2a: \ud809\udc2b\ud809\udc2b\ud809\udc2b\ud809\udc2b\ud809\udc2b\ud809\udc2b\ud809\udc2b\ud809\udc2b\ud809\udc2b|Hippowdon, M|100\/100\n|move|p1a: Heatran|Magma Storm|p2a: \ud809\udc2b\ud809\udc2b\ud809\udc2b\ud809\udc2b\ud809\udc2b\ud809\udc2b\ud809\udc2b\ud809\udc2b\ud809\udc2b|[miss]\n|-miss|p1a: Heatran|p2a: \ud809\udc2b\ud809\udc2b\ud809\udc2b\ud809\udc2b\ud809\udc2b\ud809\udc2b\ud809\udc2b\ud809\udc2b\ud809\udc2b\n|\n|-weather|none\n|-heal|p1a: Heatran|68\/100|[from] Grassy Terrain\n|-heal|p1a: Heatran|75\/100|[from] item: Leftovers\n|upkeep\n|turn|35\n|\n|t:|1763079185\n|switch|p1a: Clefable|Clefable, M|48\/100\n|move|p2a: \ud809\udc2b\ud809\udc2b\ud809\udc2b\ud809\udc2b\ud809\udc2b\ud809\udc2b\ud809\udc2b\ud809\udc2b\ud809\udc2b|Earthquake|p1a: Clefable\n|-damage|p1a: Clefable|34\/100\n|\n|-heal|p1a: Clefable|40\/100|[from] Grassy Terrain\n|-fieldend|move: Grassy Terrain\n|upkeep\n|turn|36\n|\n|t:|1763079192\n|move|p1a: Clefable|Knock Off|p2a: \ud809\udc2b\ud809\udc2b\ud809\udc2b\ud809\udc2b\ud809\udc2b\ud809\udc2b\ud809\udc2b\ud809\udc2b\ud809\udc2b\n|-damage|p2a: \ud809\udc2b\ud809\udc2b\ud809\udc2b\ud809\udc2b\ud809\udc2b\ud809\udc2b\ud809\udc2b\ud809\udc2b\ud809\udc2b|90\/100\n|-enditem|p2a: \ud809\udc2b\ud809\udc2b\ud809\udc2b\ud809\udc2b\ud809\udc2b\ud809\udc2b\ud809\udc2b\ud809\udc2b\ud809\udc2b|Leftovers|[from] move: Knock Off|[of] p1a: Clefable\n|move|p2a: \ud809\udc2b\ud809\udc2b\ud809\udc2b\ud809\udc2b\ud809\udc2b\ud809\udc2b\ud809\udc2b\ud809\udc2b\ud809\udc2b|Earthquake|p1a: Clefable\n|-damage|p1a: Clefable|9\/100\n|\n|upkeep\n|turn|37\n|\n|t:|1763079199\n|move|p1a: Clefable|Soft-Boiled|p1a: Clefable\n|-heal|p1a: Clefable|59\/100\n|move|p2a: \ud809\udc2b\ud809\udc2b\ud809\udc2b\ud809\udc2b\ud809\udc2b\ud809\udc2b\ud809\udc2b\ud809\udc2b\ud809\udc2b|Earthquake|p1a: Clefable\n|-damage|p1a: Clefable|32\/100\n|\n|upkeep\n|turn|38\n|\n|t:|1763079201\n|switch|p2a: \ua9c5\ua9c5\ua9c5\ua9c5\ua9c5\ua9c5\ua9c5\ua9c5\ua9c5\ua9c5\ua9c5\ua9c5\ua9c5\ua9c5\ua9c5\ua9c5\ua9c5\ua9c5|Clefable, F|100\/100\n|move|p1a: Clefable|Soft-Boiled|p1a: Clefable\n|-heal|p1a: Clefable|82\/100\n|\n|upkeep\n|turn|39\n|\n|t:|1763079204\n|move|p1a: Clefable|Knock Off|p2a: \ua9c5\ua9c5\ua9c5\ua9c5\ua9c5\ua9c5\ua9c5\ua9c5\ua9c5\ua9c5\ua9c5\ua9c5\ua9c5\ua9c5\ua9c5\ua9c5\ua9c5\ua9c5\n|-resisted|p2a: \ua9c5\ua9c5\ua9c5\ua9c5\ua9c5\ua9c5\ua9c5\ua9c5\ua9c5\ua9c5\ua9c5\ua9c5\ua9c5\ua9c5\ua9c5\ua9c5\ua9c5\ua9c5\n|-damage|p2a: \ua9c5\ua9c5\ua9c5\ua9c5\ua9c5\ua9c5\ua9c5\ua9c5\ua9c5\ua9c5\ua9c5\ua9c5\ua9c5\ua9c5\ua9c5\ua9c5\ua9c5\ua9c5|95\/100\n|-enditem|p2a: \ua9c5\ua9c5\ua9c5\ua9c5\ua9c5\ua9c5\ua9c5\ua9c5\ua9c5\ua9c5\ua9c5\ua9c5\ua9c5\ua9c5\ua9c5\ua9c5\ua9c5\ua9c5|Sticky Barb|[from] move: Knock Off|[of] p1a: Clefable\n|move|p2a: \ua9c5\ua9c5\ua9c5\ua9c5\ua9c5\ua9c5\ua9c5\ua9c5\ua9c5\ua9c5\ua9c5\ua9c5\ua9c5\ua9c5\ua9c5\ua9c5\ua9c5\ua9c5|Thunder Wave|p1a: Clefable|[miss]\n|-miss|p2a: \ua9c5\ua9c5\ua9c5\ua9c5\ua9c5\ua9c5\ua9c5\ua9c5\ua9c5\ua9c5\ua9c5\ua9c5\ua9c5\ua9c5\ua9c5\ua9c5\ua9c5\ua9c5|p1a: Clefable\n|\n|upkeep\n|turn|40\n|\n|t:|1763079213\n|move|p1a: Clefable|Stealth Rock|p2a: \ua9c5\ua9c5\ua9c5\ua9c5\ua9c5\ua9c5\ua9c5\ua9c5\ua9c5\ua9c5\ua9c5\ua9c5\ua9c5\ua9c5\ua9c5\ua9c5\ua9c5\ua9c5\n|-sidestart|p2: Luthier|move: Stealth Rock\n|move|p2a: \ua9c5\ua9c5\ua9c5\ua9c5\ua9c5\ua9c5\ua9c5\ua9c5\ua9c5\ua9c5\ua9c5\ua9c5\ua9c5\ua9c5\ua9c5\ua9c5\ua9c5\ua9c5|Thunder Wave|p1a: Clefable\n|-status|p1a: Clefable|par\n|\n|upkeep\n|turn|41\n|\n|t:|1763079226\n|move|p2a: \ua9c5\ua9c5\ua9c5\ua9c5\ua9c5\ua9c5\ua9c5\ua9c5\ua9c5\ua9c5\ua9c5\ua9c5\ua9c5\ua9c5\ua9c5\ua9c5\ua9c5\ua9c5|Moonblast|p1a: Clefable\n|-damage|p1a: Clefable|50\/100 par\n|cant|p1a: Clefable|par\n|\n|upkeep\n|turn|42\n|\n|t:|1763079230\n|move|p2a: \ua9c5\ua9c5\ua9c5\ua9c5\ua9c5\ua9c5\ua9c5\ua9c5\ua9c5\ua9c5\ua9c5\ua9c5\ua9c5\ua9c5\ua9c5\ua9c5\ua9c5\ua9c5|Moonblast|p1a: Clefable\n|-damage|p1a: Clefable|22\/100 par\n|move|p1a: Clefable|Soft-Boiled|p1a: Clefable\n|-heal|p1a: Clefable|72\/100 par\n|\n|upkeep\n|turn|43\n|\n|t:|1763079232\n|move|p2a: \ua9c5\ua9c5\ua9c5\ua9c5\ua9c5\ua9c5\ua9c5\ua9c5\ua9c5\ua9c5\ua9c5\ua9c5\ua9c5\ua9c5\ua9c5\ua9c5\ua9c5\ua9c5|Moonblast|p1a: Clefable\n|-damage|p1a: Clefable|43\/100 par\n|-unboost|p1a: Clefable|spa|1\n|move|p1a: Clefable|Moonblast|p2a: \ua9c5\ua9c5\ua9c5\ua9c5\ua9c5\ua9c5\ua9c5\ua9c5\ua9c5\ua9c5\ua9c5\ua9c5\ua9c5\ua9c5\ua9c5\ua9c5\ua9c5\ua9c5\n|-damage|p2a: \ua9c5\ua9c5\ua9c5\ua9c5\ua9c5\ua9c5\ua9c5\ua9c5\ua9c5\ua9c5\ua9c5\ua9c5\ua9c5\ua9c5\ua9c5\ua9c5\ua9c5\ua9c5|77\/100\n|\n|upkeep\n|turn|44\n|\n|t:|1763079233\n|move|p2a: \ua9c5\ua9c5\ua9c5\ua9c5\ua9c5\ua9c5\ua9c5\ua9c5\ua9c5\ua9c5\ua9c5\ua9c5\ua9c5\ua9c5\ua9c5\ua9c5\ua9c5\ua9c5|Moonblast|p1a: Clefable\n|-damage|p1a: Clefable|12\/100 par\n|-unboost|p1a: Clefable|spa|1\n|move|p1a: Clefable|Soft-Boiled|p1a: Clefable\n|-heal|p1a: Clefable|62\/100 par\n|\n|upkeep\n|turn|45\n|\n|t:|1763079235\n|move|p2a: \ua9c5\ua9c5\ua9c5\ua9c5\ua9c5\ua9c5\ua9c5\ua9c5\ua9c5\ua9c5\ua9c5\ua9c5\ua9c5\ua9c5\ua9c5\ua9c5\ua9c5\ua9c5|Moonblast|p1a: Clefable\n|-damage|p1a: Clefable|32\/100 par\n|move|p1a: Clefable|Soft-Boiled|p1a: Clefable\n|-heal|p1a: Clefable|82\/100 par\n|\n|upkeep\n|turn|46\n|\n|t:|1763079237\n|switch|p1a: Melmetal|Melmetal|52\/100\n|move|p2a: \ua9c5\ua9c5\ua9c5\ua9c5\ua9c5\ua9c5\ua9c5\ua9c5\ua9c5\ua9c5\ua9c5\ua9c5\ua9c5\ua9c5\ua9c5\ua9c5\ua9c5\ua9c5|Moonblast|p1a: Melmetal\n|-resisted|p1a: Melmetal\n|-damage|p1a: Melmetal|39\/100\n|-unboost|p1a: Melmetal|spa|1\n|\n|upkeep\n|turn|47\n|\n|t:|1763079244\n|move|p2a: \ua9c5\ua9c5\ua9c5\ua9c5\ua9c5\ua9c5\ua9c5\ua9c5\ua9c5\ua9c5\ua9c5\ua9c5\ua9c5\ua9c5\ua9c5\ua9c5\ua9c5\ua9c5|Thunder Wave|p1a: Melmetal\n|-status|p1a: Melmetal|par\n|move|p1a: Melmetal|Earthquake|p2a: \ua9c5\ua9c5\ua9c5\ua9c5\ua9c5\ua9c5\ua9c5\ua9c5\ua9c5\ua9c5\ua9c5\ua9c5\ua9c5\ua9c5\ua9c5\ua9c5\ua9c5\ua9c5\n|-damage|p2a: \ua9c5\ua9c5\ua9c5\ua9c5\ua9c5\ua9c5\ua9c5\ua9c5\ua9c5\ua9c5\ua9c5\ua9c5\ua9c5\ua9c5\ua9c5\ua9c5\ua9c5\ua9c5|31\/100\n|\n|upkeep\n|turn|48\n|c|\u2606Luthier|\/log Luthier made the replay of this battle unlisted.\n|\n|t:|1763079259\n|move|p2a: \ua9c5\ua9c5\ua9c5\ua9c5\ua9c5\ua9c5\ua9c5\ua9c5\ua9c5\ua9c5\ua9c5\ua9c5\ua9c5\ua9c5\ua9c5\ua9c5\ua9c5\ua9c5|Soft-Boiled|p2a: \ua9c5\ua9c5\ua9c5\ua9c5\ua9c5\ua9c5\ua9c5\ua9c5\ua9c5\ua9c5\ua9c5\ua9c5\ua9c5\ua9c5\ua9c5\ua9c5\ua9c5\ua9c5\n|-heal|p2a: \ua9c5\ua9c5\ua9c5\ua9c5\ua9c5\ua9c5\ua9c5\ua9c5\ua9c5\ua9c5\ua9c5\ua9c5\ua9c5\ua9c5\ua9c5\ua9c5\ua9c5\ua9c5|81\/100\n|move|p1a: Melmetal|Earthquake|p2a: \ua9c5\ua9c5\ua9c5\ua9c5\ua9c5\ua9c5\ua9c5\ua9c5\ua9c5\ua9c5\ua9c5\ua9c5\ua9c5\ua9c5\ua9c5\ua9c5\ua9c5\ua9c5\n|-damage|p2a: \ua9c5\ua9c5\ua9c5\ua9c5\ua9c5\ua9c5\ua9c5\ua9c5\ua9c5\ua9c5\ua9c5\ua9c5\ua9c5\ua9c5\ua9c5\ua9c5\ua9c5\ua9c5|33\/100\n|\n|upkeep\n|turn|49\n|\n|t:|1763079270\n|move|p2a: \ua9c5\ua9c5\ua9c5\ua9c5\ua9c5\ua9c5\ua9c5\ua9c5\ua9c5\ua9c5\ua9c5\ua9c5\ua9c5\ua9c5\ua9c5\ua9c5\ua9c5\ua9c5|Soft-Boiled|p2a: \ua9c5\ua9c5\ua9c5\ua9c5\ua9c5\ua9c5\ua9c5\ua9c5\ua9c5\ua9c5\ua9c5\ua9c5\ua9c5\ua9c5\ua9c5\ua9c5\ua9c5\ua9c5\n|-heal|p2a: \ua9c5\ua9c5\ua9c5\ua9c5\ua9c5\ua9c5\ua9c5\ua9c5\ua9c5\ua9c5\ua9c5\ua9c5\ua9c5\ua9c5\ua9c5\ua9c5\ua9c5\ua9c5|83\/100\n|move|p1a: Melmetal|Earthquake|p2a: \ua9c5\ua9c5\ua9c5\ua9c5\ua9c5\ua9c5\ua9c5\ua9c5\ua9c5\ua9c5\ua9c5\ua9c5\ua9c5\ua9c5\ua9c5\ua9c5\ua9c5\ua9c5\n|-damage|p2a: \ua9c5\ua9c5\ua9c5\ua9c5\ua9c5\ua9c5\ua9c5\ua9c5\ua9c5\ua9c5\ua9c5\ua9c5\ua9c5\ua9c5\ua9c5\ua9c5\ua9c5\ua9c5|31\/100\n|\n|upkeep\n|turn|50\n|\n|t:|1763079273\n|move|p2a: \ua9c5\ua9c5\ua9c5\ua9c5\ua9c5\ua9c5\ua9c5\ua9c5\ua9c5\ua9c5\ua9c5\ua9c5\ua9c5\ua9c5\ua9c5\ua9c5\ua9c5\ua9c5|Soft-Boiled|p2a: \ua9c5\ua9c5\ua9c5\ua9c5\ua9c5\ua9c5\ua9c5\ua9c5\ua9c5\ua9c5\ua9c5\ua9c5\ua9c5\ua9c5\ua9c5\ua9c5\ua9c5\ua9c5\n|-heal|p2a: \ua9c5\ua9c5\ua9c5\ua9c5\ua9c5\ua9c5\ua9c5\ua9c5\ua9c5\ua9c5\ua9c5\ua9c5\ua9c5\ua9c5\ua9c5\ua9c5\ua9c5\ua9c5|81\/100\n|move|p1a: Melmetal|Earthquake|p2a: \ua9c5\ua9c5\ua9c5\ua9c5\ua9c5\ua9c5\ua9c5\ua9c5\ua9c5\ua9c5\ua9c5\ua9c5\ua9c5\ua9c5\ua9c5\ua9c5\ua9c5\ua9c5\n|-damage|p2a: \ua9c5\ua9c5\ua9c5\ua9c5\ua9c5\ua9c5\ua9c5\ua9c5\ua9c5\ua9c5\ua9c5\ua9c5\ua9c5\ua9c5\ua9c5\ua9c5\ua9c5\ua9c5|29\/100\n|\n|upkeep\n|turn|51\n|\n|t:|1763079276\n|move|p2a: \ua9c5\ua9c5\ua9c5\ua9c5\ua9c5\ua9c5\ua9c5\ua9c5\ua9c5\ua9c5\ua9c5\ua9c5\ua9c5\ua9c5\ua9c5\ua9c5\ua9c5\ua9c5|Soft-Boiled|p2a: \ua9c5\ua9c5\ua9c5\ua9c5\ua9c5\ua9c5\ua9c5\ua9c5\ua9c5\ua9c5\ua9c5\ua9c5\ua9c5\ua9c5\ua9c5\ua9c5\ua9c5\ua9c5\n|-heal|p2a: \ua9c5\ua9c5\ua9c5\ua9c5\ua9c5\ua9c5\ua9c5\ua9c5\ua9c5\ua9c5\ua9c5\ua9c5\ua9c5\ua9c5\ua9c5\ua9c5\ua9c5\ua9c5|79\/100\n|move|p1a: Melmetal|Earthquake|p2a: \ua9c5\ua9c5\ua9c5\ua9c5\ua9c5\ua9c5\ua9c5\ua9c5\ua9c5\ua9c5\ua9c5\ua9c5\ua9c5\ua9c5\ua9c5\ua9c5\ua9c5\ua9c5\n|-damage|p2a: \ua9c5\ua9c5\ua9c5\ua9c5\ua9c5\ua9c5\ua9c5\ua9c5\ua9c5\ua9c5\ua9c5\ua9c5\ua9c5\ua9c5\ua9c5\ua9c5\ua9c5\ua9c5|28\/100\n|\n|upkeep\n|turn|52\n|\n|t:|1763079281\n|move|p2a: \ua9c5\ua9c5\ua9c5\ua9c5\ua9c5\ua9c5\ua9c5\ua9c5\ua9c5\ua9c5\ua9c5\ua9c5\ua9c5\ua9c5\ua9c5\ua9c5\ua9c5\ua9c5|Soft-Boiled|p2a: \ua9c5\ua9c5\ua9c5\ua9c5\ua9c5\ua9c5\ua9c5\ua9c5\ua9c5\ua9c5\ua9c5\ua9c5\ua9c5\ua9c5\ua9c5\ua9c5\ua9c5\ua9c5\n|-heal|p2a: \ua9c5\ua9c5\ua9c5\ua9c5\ua9c5\ua9c5\ua9c5\ua9c5\ua9c5\ua9c5\ua9c5\ua9c5\ua9c5\ua9c5\ua9c5\ua9c5\ua9c5\ua9c5|78\/100\n|move|p1a: Melmetal|Earthquake|p2a: \ua9c5\ua9c5\ua9c5\ua9c5\ua9c5\ua9c5\ua9c5\ua9c5\ua9c5\ua9c5\ua9c5\ua9c5\ua9c5\ua9c5\ua9c5\ua9c5\ua9c5\ua9c5\n|-damage|p2a: \ua9c5\ua9c5\ua9c5\ua9c5\ua9c5\ua9c5\ua9c5\ua9c5\ua9c5\ua9c5\ua9c5\ua9c5\ua9c5\ua9c5\ua9c5\ua9c5\ua9c5\ua9c5|31\/100\n|\n|upkeep\n|turn|53\n|\n|t:|1763079286\n|move|p2a: \ua9c5\ua9c5\ua9c5\ua9c5\ua9c5\ua9c5\ua9c5\ua9c5\ua9c5\ua9c5\ua9c5\ua9c5\ua9c5\ua9c5\ua9c5\ua9c5\ua9c5\ua9c5|Soft-Boiled|p2a: \ua9c5\ua9c5\ua9c5\ua9c5\ua9c5\ua9c5\ua9c5\ua9c5\ua9c5\ua9c5\ua9c5\ua9c5\ua9c5\ua9c5\ua9c5\ua9c5\ua9c5\ua9c5\n|-heal|p2a: \ua9c5\ua9c5\ua9c5\ua9c5\ua9c5\ua9c5\ua9c5\ua9c5\ua9c5\ua9c5\ua9c5\ua9c5\ua9c5\ua9c5\ua9c5\ua9c5\ua9c5\ua9c5|81\/100\n|cant|p1a: Melmetal|par\n|\n|upkeep\n|turn|54\n|\n|t:|1763079290\n|switch|p1a: Clefable|Clefable, M|82\/100 par\n|move|p2a: \ua9c5\ua9c5\ua9c5\ua9c5\ua9c5\ua9c5\ua9c5\ua9c5\ua9c5\ua9c5\ua9c5\ua9c5\ua9c5\ua9c5\ua9c5\ua9c5\ua9c5\ua9c5|Thunder Wave|p1a: Clefable|[miss]\n|-miss|p2a: \ua9c5\ua9c5\ua9c5\ua9c5\ua9c5\ua9c5\ua9c5\ua9c5\ua9c5\ua9c5\ua9c5\ua9c5\ua9c5\ua9c5\ua9c5\ua9c5\ua9c5\ua9c5|p1a: Clefable\n|\n|upkeep\n|turn|55\n|\n|t:|1763079298\n|move|p2a: \ua9c5\ua9c5\ua9c5\ua9c5\ua9c5\ua9c5\ua9c5\ua9c5\ua9c5\ua9c5\ua9c5\ua9c5\ua9c5\ua9c5\ua9c5\ua9c5\ua9c5\ua9c5|Moonblast|p1a: Clefable\n|-damage|p1a: Clefable|52\/100 par\n|move|p1a: Clefable|Moonblast|p2a: \ua9c5\ua9c5\ua9c5\ua9c5\ua9c5\ua9c5\ua9c5\ua9c5\ua9c5\ua9c5\ua9c5\ua9c5\ua9c5\ua9c5\ua9c5\ua9c5\ua9c5\ua9c5\n|-damage|p2a: \ua9c5\ua9c5\ua9c5\ua9c5\ua9c5\ua9c5\ua9c5\ua9c5\ua9c5\ua9c5\ua9c5\ua9c5\ua9c5\ua9c5\ua9c5\ua9c5\ua9c5\ua9c5|52\/100\n|\n|upkeep\n|turn|56\n|\n|t:|1763079304\n|move|p2a: \ua9c5\ua9c5\ua9c5\ua9c5\ua9c5\ua9c5\ua9c5\ua9c5\ua9c5\ua9c5\ua9c5\ua9c5\ua9c5\ua9c5\ua9c5\ua9c5\ua9c5\ua9c5|Moonblast|p1a: Clefable\n|-damage|p1a: Clefable|22\/100 par\n|cant|p1a: Clefable|par\n|\n|upkeep\n|turn|57\n|-message|Runo forfeited.\n|\n|win|Luthier\n|c|\u2606Runo|gg\n|c|\u2606Luthier|gg\n|player|p1|\n|player|p2|\n|player|p2|Luthier|#luthier|\n","uploadtime":1763079313,"views":471,"formatid":"gen8ou","rating":null,"private":1,"password":null}