|join|Lord Elyis
|join|Lady bug
|player|p1|Lord Elyis|1
|player|p2|Lady bug|66
|gametype|singles
|gen|6
|tier|OU
|clearpoke
|poke|p1|Chansey, F
|poke|p1|Gliscor, M
|poke|p1|Skarmory, F
|poke|p1|Venusaur, M
|poke|p1|Quagsire, M
|poke|p1|Heatran, M
|poke|p2|Abomasnow, M
|poke|p2|Skarmory, M
|poke|p2|Nidoqueen, F
|poke|p2|Blissey, F
|poke|p2|Clefable, M
|poke|p2|Gyarados, F
|rule|Sleep Clause Mod: Limit one foe put to sleep
|rule|Species Clause: Limit one of each Pokemon
|rule|OHKO Clause: OHKO moves are banned
|rule|Moody Clause: Moody is banned
|rule|Evasion Moves Clause: Evasion moves are banned
|rule|Endless Battle Clause: Forcing endless battles is banned.
|rule|HP Percentage Mod: HP is reported as percentages
|teampreview
|chat|Colchonero|hail pls
|chat|Pwnemon|lady bugs teams
|chat|zdrup|lol boss
|chat|Pwnemon|are always amazing
|chat|Pwnemon|how does he do it
|
|start
|switch|p1a: Heatran|Heatran, M|385/385
|switch|p2a: Nidoqueen|Nidoqueen, F|384/384
|turn|1
|chat|macle|goooooooo lb
|
|switch|p1a: Chansey|Chansey, F|660/660
|switch|p2a: Blissey|Blissey, F|688/688
|
|turn|2
|chat|Pwnemon|lol
|chat|Valentine|:]
|chat|Arcticblast|Mirror mirror on the wall, who is the fattest of them all?
|chat|Hugendugen|mmm this is arousing
|
|switch|p2a: Nidoqueen|Nidoqueen, F|384/384
|move|p1a: Chansey|Toxic|p2a: Nidoqueen
|-fail|p2a: Nidoqueen
|
|turn|3
|
|move|p2a: Nidoqueen|Toxic Spikes|p1a: Chansey
|-sidestart|p1: Lord Elyis|move: Toxic Spikes
|move|p1a: Chansey|Seismic Toss|p2a: Nidoqueen
|-damage|p2a: Nidoqueen|284/384
|
|-heal|p2a: Nidoqueen|308/384|[from] item: Leftovers
|turn|4
|chat|M Dragon|LOL
|chat|M Dragon|the DP team!
|
|switch|p2a: Skarmory|Skarmory, M|334/334
|move|p1a: Chansey|Seismic Toss|p2a: Skarmory
|-damage|p2a: Skarmory|234/334
|-damage|p1a: Chansey|550/660|[from] item: Rocky Helmet|[of] p2a: Skarmory
|
|turn|5
|chat|Pwnemon|but he has a venusaur
|chat|Blue Eon|v. xy
|chat|Pwnemon|?_?
|
|switch|p1a: Skarmory|Skarmory, F|334/334
|move|p2a: Skarmory|Whirlwind|p1a: Skarmory
|drag|p1a: Gliscor|Gliscor, M|353/353
|
|-activate|p1a: Gliscor|item: Toxic Orb
|-status|p1a: Gliscor|tox
|turn|6
|
|switch|p1a: Skarmory|Skarmory, F|334/334
|switch|p2a: Gyarados|Gyarados, F|394/394
|-ability|p2a: Gyarados|Intimidate|[of] p1a: Skarmory
|-unboost|p1a: Skarmory|atk|1
|
|turn|7
|
|move|p2a: Gyarados|Dragon Dance|p2a: Gyarados
|-boost|p2a: Gyarados|atk|1
|-boost|p2a: Gyarados|spe|1
|move|p1a: Skarmory|Whirlwind|p2a: Gyarados
|drag|p2a: Skarmory|Skarmory, M|234/334
|
|turn|8
|
|switch|p2a: Nidoqueen|Nidoqueen, F|308/384
|move|p1a: Skarmory|Defog|p2a: Nidoqueen
|-unboost|p2a: Nidoqueen|evasion|1
|-sideend|p1: Lord Elyis|Toxic Spikes|[from] move: Defog|[of] p1a: Skarmory
|
|-heal|p2a: Nidoqueen|332/384|[from] item: Leftovers
|turn|9
|
|switch|p1a: Venusaur|Venusaur, M|364/364
|move|p2a: Nidoqueen|Toxic Spikes|p1a: Venusaur
|-sidestart|p1: Lord Elyis|move: Toxic Spikes
|
|-heal|p2a: Nidoqueen|356/384|[from] item: Leftovers
|turn|10
|chat|Pwnemon|lb gives no fucks
|chat|Pwnemon|tspikes down? set more tspikes
|chat|THE_IRON_KENYAN|is thizs the hype match u were talkinga but
|chat|M Dragon|darkrai
|chat|THE_IRON_KENYAN|pwenemon
|
|switch|p2a: Skarmory|Skarmory, M|234/334
|-formechange|p1a: Venusaur|Venusaur-Mega
|message|Venusaur has Mega Evolved into Mega Venusaur!
|move|p1a: Venusaur|Giga Drain|p2a: Skarmory
|-resisted|p2a: Skarmory
|-damage|p2a: Skarmory|204/334
|
|turn|11
|chat|THE_IRON_KENYAN|man i suck at typing today
|chat|Valentine|delicious stall v stall
|
|switch|p1a: Skarmory|Skarmory, F|334/334
|move|p2a: Skarmory|Roost|p2a: Skarmory
|-heal|p2a: Skarmory|334/334
|
|turn|12
|chat|Pwnemon|yea tik
|
|switch|p2a: Nidoqueen|Nidoqueen, F|356/384
|move|p1a: Skarmory|Defog|p2a: Nidoqueen
|-unboost|p2a: Nidoqueen|evasion|1
|-sideend|p1: Lord Elyis|Toxic Spikes|[from] move: Defog|[of] p1a: Skarmory
|
|-heal|p2a: Nidoqueen|380/384|[from] item: Leftovers
|turn|13
|chat|THE_IRON_KENYAN|is this uu
|chat|THE_IRON_KENYAN|nah ou
|chat|THE_IRON_KENYAN|hey its lady bug the king frog
|
|switch|p1a: Chansey|Chansey, F|550/660
|move|p2a: Nidoqueen|Toxic Spikes|p1a: Chansey
|-sidestart|p1: Lord Elyis|move: Toxic Spikes
|
|-heal|p2a: Nidoqueen|384/384|[from] item: Leftovers
|turn|14
|chat|Pwnemon|u always ask if its uu when ladybug plays
|chat|Pwnemon|tbh
|
|switch|p2a: Skarmory|Skarmory, M|334/334
|move|p1a: Chansey|Soft-Boiled|p1a: Chansey
|-heal|p1a: Chansey|660/660
|
|turn|15
|chat|Pwnemon|hard to tell
|chat|THE_IRON_KENYAN|wow
|
|switch|p2a: Abomasnow|Abomasnow, M|384/384
|-weather|Hail
|switch|p1a: Skarmory|Skarmory, F|334/334
|
|-weather|Hail|[upkeep]
|-damage|p1a: Skarmory|314/334|[from] Hail
|-heal|p1a: Skarmory|334/334|[from] item: Leftovers
|turn|16
|chat|THE_IRON_KENYAN|how did joim win
|chat|THE_IRON_KENYAN|a battle
|chat|THE_IRON_KENYAN|amazing
|chat|THE_IRON_KENYAN|mvpmvp
|
|-formechange|p2a: Abomasnow|Abomasnow-Mega
|message|Abomasnow has Mega Evolved into Mega Abomasnow!
|move|p1a: Skarmory|Roost|p1a: Skarmory
|-fail|p1a: Skarmory
|move|p2a: Abomasnow|Blizzard|p1a: Skarmory
|-damage|p1a: Skarmory|67/334
|
|-weather|Hail|[upkeep]
|-damage|p1a: Skarmory|47/334|[from] Hail
|-heal|p1a: Skarmory|67/334|[from] item: Leftovers
|turn|17
|chat|Colchonero|oh
|
|move|p1a: Skarmory|Roost|p1a: Skarmory
|-heal|p1a: Skarmory|234/334
|move|p2a: Abomasnow|Leech Seed|p1a: Skarmory
|-start|p1a: Skarmory|move: Leech Seed
|
|-weather|Hail|[upkeep]
|-damage|p1a: Skarmory|214/334|[from] Hail
|-heal|p1a: Skarmory|234/334|[from] item: Leftovers
|-damage|p1a: Skarmory|193/334|[from] Leech Seed|[of] p2a: Abomasnow
|turn|18
|chat|Blue Eon|THE CHOKE
|chat|Laga|big plays?
|chat|macle|how dare u insult joim
|chat|blarajan|didn't you read
|chat|blarajan|youngjake's explanation?
|
|switch|p1a: Heatran|Heatran, M|385/385
|switch|p2a: Gyarados|Gyarados, F|394/394
|-ability|p2a: Gyarados|Intimidate|[of] p1a: Heatran
|-unboost|p1a: Heatran|atk|1
|
|-weather|Hail|[upkeep]
|-damage|p2a: Gyarados|370/394|[from] Hail
|-damage|p1a: Heatran|361/385|[from] Hail
|-heal|p2a: Gyarados|394/394|[from] item: Leftovers
|-heal|p1a: Heatran|385/385|[from] item: Leftovers
|turn|19
|chat|blarajan|he gave four good reasons as to why he lost
|chat|blarajan|none of them involving "joim playing well"
|chat|Philip7086|goddamn, strong af
|
|switch|p1a: Skarmory|Skarmory, F|193/334
|move|p2a: Gyarados|Dragon Dance|p2a: Gyarados
|-boost|p2a: Gyarados|atk|1
|-boost|p2a: Gyarados|spe|1
|
|-weather|none
|-heal|p1a: Skarmory|213/334|[from] item: Leftovers
|turn|20
|chat|Philip7086|lady thug da bez
|chat|Pwnemon|lol
|
|move|p2a: Gyarados|Waterfall|p1a: Skarmory
|-crit|p1a: Skarmory
|-damage|p1a: Skarmory|69/334
|move|p1a: Skarmory|Roost|p1a: Skarmory
|-heal|p1a: Skarmory|236/334
|
|-heal|p1a: Skarmory|256/334|[from] item: Leftovers
|turn|21
|
|switch|p2a: Abomasnow|Abomasnow, M|384/384
|-formechange|p2a: Abomasnow|Abomasnow-Mega
|-weather|Hail
|move|p1a: Skarmory|Roost|p1a: Skarmory
|-heal|p1a: Skarmory|334/334
|
|-weather|Hail|[upkeep]
|-damage|p1a: Skarmory|314/334|[from] Hail
|-heal|p1a: Skarmory|334/334|[from] item: Leftovers
|turn|22
|chat|Pwnemon|blara my fave was
|chat|Pwnemon|'surprisingly smart plays'
|
|switch|p1a: Heatran|Heatran, M|385/385
|switch|p2a: Skarmory|Skarmory, M|334/334
|
|-weather|Hail|[upkeep]
|-damage|p1a: Heatran|361/385|[from] Hail
|-damage|p2a: Skarmory|314/334|[from] Hail
|-heal|p1a: Heatran|385/385|[from] item: Leftovers
|turn|23
|chat|blarajan|lol
|chat|Pwnemon|like 'i expected joim to be retarded'
|
|switch|p1a: Skarmory|Skarmory, F|334/334
|switch|p2a: Gyarados|Gyarados, F|394/394
|-ability|p2a: Gyarados|Intimidate|[of] p1a: Skarmory
|-unboost|p1a: Skarmory|atk|1
|
|-weather|Hail|[upkeep]
|-damage|p2a: Gyarados|370/394|[from] Hail
|-damage|p1a: Skarmory|314/334|[from] Hail
|-heal|p2a: Gyarados|394/394|[from] item: Leftovers
|-heal|p1a: Skarmory|334/334|[from] item: Leftovers
|turn|24
|chat|macle|oh shit
|chat|Soulgazer|pwnemon why are you always mad @ yung
|chat|Soulgazer|:'(
|
|switch|p2a: Skarmory|Skarmory, M|314/334
|move|p1a: Skarmory|Defog|p2a: Skarmory
|-unboost|p2a: Skarmory|evasion|1
|-sideend|p1: Lord Elyis|Toxic Spikes|[from] move: Defog|[of] p1a: Skarmory
|
|-weather|Hail|[upkeep]
|-damage|p2a: Skarmory|294/334|[from] Hail
|-damage|p1a: Skarmory|314/334|[from] Hail
|-heal|p1a: Skarmory|334/334|[from] item: Leftovers
|turn|25
|chat|Laga|it's because he secretcly envy he yuth
|
|switch|p2a: Nidoqueen|Nidoqueen, F|384/384
|switch|p1a: Heatran|Heatran, M|385/385
|
|-weather|none
|turn|26
|chat|Soulgazer|so yung..
|chat|Pwnemon|wish i could b yung again
|chat|Laga|2 yung 4 pwne to bear
|
|switch|p1a: Chansey|Chansey, F|660/660
|move|p2a: Nidoqueen|Earth Power|p1a: Chansey
|-damage|p1a: Chansey|602/660
|
|turn|27
|chat|Arcticblast|Pwnemon you're like 16
|chat|Pwnemon|shut up
|
|move|p2a: Nidoqueen|Toxic Spikes|p1a: Chansey
|-sidestart|p1: Lord Elyis|move: Toxic Spikes
|move|p1a: Chansey|Seismic Toss|p2a: Nidoqueen
|-damage|p2a: Nidoqueen|284/384
|
|-heal|p2a: Nidoqueen|308/384|[from] item: Leftovers
|turn|28
|
|switch|p1a: Venusaur|Venusaur, M|364/364
|-formechange|p1a: Venusaur|Venusaur-Mega
|-sideend|p1: Lord Elyis|move: Toxic Spikes|[of] p1a: Venusaur
|move|p2a: Nidoqueen|Flamethrower|p1a: Venusaur
|-supereffective|p1a: Venusaur
|-damage|p1a: Venusaur|316/364
|
|-heal|p2a: Nidoqueen|332/384|[from] item: Leftovers
|turn|29
|chat|dekzeh|bs no burn
|chat|macle|the damage
|chat|OU Mew|stronk
|chat|chieliee|no burn bs
|
|switch|p2a: Skarmory|Skarmory, M|294/334
|switch|p1a: Chansey|Chansey, F|602/660
|
|turn|30
|chat|Pwnemon|lol that fuckin bulk
|chat|Pwnemon|my god
|
|switch|p1a: Skarmory|Skarmory, F|334/334
|move|p2a: Skarmory|Brave Bird|p1a: Skarmory
|-crit|p1a: Skarmory
|-resisted|p1a: Skarmory
|-damage|p1a: Skarmory|282/334
|-damage|p2a: Skarmory|277/334|[from] recoil|[of] p1a: Skarmory
|
|-heal|p1a: Skarmory|302/334|[from] item: Leftovers
|turn|31
|chat|macle|THE DAMAGE
|chat|Pwnemon|bs crit no gg
|chat|Hot N Cold|500 turns battle
|
|switch|p2a: Nidoqueen|Nidoqueen, F|332/384
|move|p1a: Skarmory|Whirlwind|p2a: Nidoqueen
|drag|p2a: Gyarados|Gyarados, F|394/394
|-ability|p2a: Gyarados|Intimidate|[of] p1a: Skarmory
|-unboost|p1a: Skarmory|atk|1
|
|-heal|p1a: Skarmory|322/334|[from] item: Leftovers
|turn|32
|chat|Hot N Cold|please
|chat|chieliee|yeah this could take a long while
|chat|Laga|so is anything going to happen or
|chat|Pwnemon|pp stall battle
|
|switch|p2a: Abomasnow|Abomasnow, M|384/384
|-formechange|p2a: Abomasnow|Abomasnow-Mega
|-weather|Hail
|switch|p1a: Quagsire|Quagsire, M|393/393
|
|-weather|Hail|[upkeep]
|-damage|p1a: Quagsire|369/393|[from] Hail
|-heal|p1a: Quagsire|393/393|[from] item: Leftovers
|turn|33
|chat|Pwnemon|its like playing gsc
|chat|Pwnemon|lelele
|
|switch|p1a: Heatran|Heatran, M|385/385
|move|p2a: Abomasnow|Leech Seed|p1a: Heatran|[miss]
|-miss|p2a: Abomasnow|p1a: Heatran
|
|-weather|Hail|[upkeep]
|-damage|p1a: Heatran|361/385|[from] Hail
|-heal|p1a: Heatran|385/385|[from] item: Leftovers
|turn|34
|chat|Pwnemon|wow
|chat|Arcticblast|hax
|chat|Laga|show us the EQ
|chat|chieliee|where's the earthquake 
|chat|Pwnemon|that just extended this match
|chat|Pwnemon|by 200 turns
|chat|OU Mew|imagine this battle with 5 minutes thinking each turn
|
|switch|p2a: Gyarados|Gyarados, F|394/394
|-ability|p2a: Gyarados|Intimidate|[of] p1a: Heatran
|-unboost|p1a: Heatran|atk|1
|move|p1a: Heatran|Stealth Rock|p2a: Gyarados
|-sidestart|p2: Lady bug|move: Stealth Rock
|
|-weather|Hail|[upkeep]
|-damage|p2a: Gyarados|370/394|[from] Hail
|-damage|p1a: Heatran|361/385|[from] Hail
|-heal|p2a: Gyarados|394/394|[from] item: Leftovers
|-heal|p1a: Heatran|385/385|[from] item: Leftovers
|turn|35
|chat|SoulWind|you niggers should both tie
|
|switch|p1a: Quagsire|Quagsire, M|393/393
|move|p2a: Gyarados|Earthquake|p1a: Quagsire
|-damage|p1a: Quagsire|323/393
|
|-weather|Hail|[upkeep]
|-damage|p2a: Gyarados|370/394|[from] Hail
|-damage|p1a: Quagsire|299/393|[from] Hail
|-heal|p2a: Gyarados|394/394|[from] item: Leftovers
|-heal|p1a: Quagsire|323/393|[from] item: Leftovers
|turn|36
|chat|Pwnemon|oh shit the rocks
|
|switch|p2a: Blissey|Blissey, F|688/688
|-damage|p2a: Blissey|602/688|[from] Stealth Rock
|move|p1a: Quagsire|Toxic|p2a: Blissey
|-status|p2a: Blissey|tox
|
|-weather|none
|-heal|p2a: Blissey|645/688 tox|[from] item: Leftovers
|-heal|p1a: Quagsire|347/393|[from] item: Leftovers
|-damage|p2a: Blissey|602/688 tox|[from] psn
|turn|37
|chat|gr8astard|lady bug's stall got buffed :[l]
|
|switch|p2a: Skarmory|Skarmory, M|277/334
|-damage|p2a: Skarmory|236/334|[from] Stealth Rock
|switch|p1a: Chansey|Chansey, F|602/660
|
|turn|38
|
|switch|p1a: Heatran|Heatran, M|385/385
|move|p2a: Skarmory|Defog|p1a: Heatran
|-unboost|p1a: Heatran|evasion|1
|-sideend|p2: Lady bug|Stealth Rock|[from] move: Defog|[of] p2a: Skarmory
|
|turn|39
|
|switch|p2a: Gyarados|Gyarados, F|394/394
|-ability|p2a: Gyarados|Intimidate|[of] p1a: Heatran
|-unboost|p1a: Heatran|atk|1
|move|p1a: Heatran|Stealth Rock|p2a: Gyarados
|-sidestart|p2: Lady bug|move: Stealth Rock
|
|turn|40
|
|switch|p1a: Skarmory|Skarmory, F|322/334
|move|p2a: Gyarados|Dragon Dance|p2a: Gyarados
|-boost|p2a: Gyarados|atk|1
|-boost|p2a: Gyarados|spe|1
|
|-heal|p1a: Skarmory|334/334|[from] item: Leftovers
|turn|41
|
|move|p2a: Gyarados|Waterfall|p1a: Skarmory
|-damage|p1a: Skarmory|234/334
|move|p1a: Skarmory|Whirlwind|p2a: Gyarados
|drag|p2a: Abomasnow|Abomasnow, M|384/384
|-formechange|p2a: Abomasnow|Abomasnow-Mega
|-damage|p2a: Abomasnow|288/384|[from] Stealth Rock
|-weather|Hail
|
|-weather|Hail|[upkeep]
|-damage|p1a: Skarmory|214/334|[from] Hail
|-heal|p1a: Skarmory|234/334|[from] item: Leftovers
|turn|42
|
|switch|p1a: Heatran|Heatran, M|385/385
|move|p2a: Abomasnow|Blizzard|p1a: Heatran
|-resisted|p1a: Heatran
|-damage|p1a: Heatran|345/385
|
|-weather|Hail|[upkeep]
|-damage|p1a: Heatran|321/385|[from] Hail
|-heal|p1a: Heatran|345/385|[from] item: Leftovers
|turn|43
|
|switch|p2a: Gyarados|Gyarados, F|394/394
|-damage|p2a: Gyarados|296/394|[from] Stealth Rock
|-ability|p2a: Gyarados|Intimidate|[of] p1a: Heatran
|-unboost|p1a: Heatran|atk|1
|move|p1a: Heatran|Lava Plume|p2a: Gyarados
|-resisted|p2a: Gyarados
|-damage|p2a: Gyarados|237/394
|
|-weather|Hail|[upkeep]
|-damage|p2a: Gyarados|213/394|[from] Hail
|-damage|p1a: Heatran|321/385|[from] Hail
|-heal|p2a: Gyarados|237/394|[from] item: Leftovers
|-heal|p1a: Heatran|345/385|[from] item: Leftovers
|turn|44
|
|switch|p1a: Quagsire|Quagsire, M|347/393
|move|p2a: Gyarados|Dragon Dance|p2a: Gyarados
|-boost|p2a: Gyarados|atk|1
|-boost|p2a: Gyarados|spe|1
|
|-weather|Hail|[upkeep]
|-damage|p2a: Gyarados|213/394|[from] Hail
|-damage|p1a: Quagsire|323/393|[from] Hail
|-heal|p2a: Gyarados|237/394|[from] item: Leftovers
|-heal|p1a: Quagsire|347/393|[from] item: Leftovers
|turn|45
|chat|Valentine|Blizzard / Leech Seed ?
|chat|Pwnemon|bs no burn no gg
|chat|Valentine|Whats teh rest of his set, have we seen it
|
|move|p2a: Gyarados|Waterfall|p1a: Quagsire
|-damage|p1a: Quagsire|254/393
|move|p1a: Quagsire|Toxic|p2a: Gyarados
|-status|p2a: Gyarados|tox
|
|-weather|none
|-heal|p2a: Gyarados|261/394 tox|[from] item: Leftovers
|-heal|p1a: Quagsire|278/393|[from] item: Leftovers
|-damage|p2a: Gyarados|237/394 tox|[from] psn
|turn|46
|chat|chieliee|im guessing protect
|chat|Valentine|jw
|chat|chieliee|oh wait we're not supposed to talk
|chat|chieliee|about this
|
|move|p2a: Gyarados|Rest|p2a: Gyarados
|-status|p2a: Gyarados|slp
|-heal|p2a: Gyarados|394/394 slp|[silent]
|-status|p2a: Gyarados|slp|[from] move: Rest
|move|p1a: Quagsire|Recover|p1a: Quagsire
|-heal|p1a: Quagsire|393/393
|
|turn|47
|chat|chieliee|oups
|chat|Pwnemon|LOL
|chat|Arcticblast|LB hasn't revealed anything else
|chat|Pwnemon|rekt
|chat|Valentine|i was asking what has been releaved
|chat|zdrup|yeah, I'm banning you chieliee
|chat|Valentine|kk
|chat|Valentine|ty
|chat|Hot N Cold|ban chieliee imo :P
|
|switch|p1a: Skarmory|Skarmory, F|234/334
|cant|p2a: Gyarados|slp
|
|-heal|p1a: Skarmory|254/334|[from] item: Leftovers
|turn|48
|
|cant|p2a: Gyarados|slp
|move|p1a: Skarmory|Whirlwind|p2a: Gyarados
|drag|p2a: Blissey|Blissey, F|602/688
|-damage|p2a: Blissey|516/688|[from] Stealth Rock
|
|-heal|p1a: Skarmory|274/334|[from] item: Leftovers
|-heal|p2a: Blissey|559/688|[from] item: Leftovers
|turn|49
|
|switch|p1a: Chansey|Chansey, F|602/660
|move|p2a: Blissey|Seismic Toss|p1a: Chansey
|-damage|p1a: Chansey|502/660
|
|-heal|p2a: Blissey|602/688|[from] item: Leftovers
|turn|50
|chat|Pwnemon|reveal the two sr setters
|
|move|p2a: Blissey|Seismic Toss|p1a: Chansey
|-damage|p1a: Chansey|402/660
|move|p1a: Chansey|Seismic Toss|p2a: Blissey
|-damage|p2a: Blissey|502/688
|
|-heal|p2a: Blissey|545/688|[from] item: Leftovers
|turn|51
|
|switch|p2a: Skarmory|Skarmory, M|236/334
|-damage|p2a: Skarmory|195/334|[from] Stealth Rock
|move|p1a: Chansey|Soft-Boiled|p1a: Chansey
|-heal|p1a: Chansey|660/660
|
|turn|52
|
|switch|p1a: Heatran|Heatran, M|345/385
|move|p2a: Skarmory|Defog|p1a: Heatran
|-unboost|p1a: Heatran|evasion|1
|-sideend|p2: Lady bug|Stealth Rock|[from] move: Defog|[of] p2a: Skarmory
|
|-heal|p1a: Heatran|369/385|[from] item: Leftovers
|turn|53
|chat|Laga|if only s-toss could crit
|
|switch|p2a: Nidoqueen|Nidoqueen, F|332/384
|move|p1a: Heatran|Stealth Rock|p2a: Nidoqueen
|-sidestart|p2: Lady bug|move: Stealth Rock
|
|-heal|p1a: Heatran|385/385|[from] item: Leftovers
|-heal|p2a: Nidoqueen|356/384|[from] item: Leftovers
|turn|54
|
|switch|p1a: Chansey|Chansey, F|660/660
|move|p2a: Nidoqueen|Toxic Spikes|p1a: Chansey
|-sidestart|p1: Lord Elyis|move: Toxic Spikes
|
|-heal|p2a: Nidoqueen|380/384|[from] item: Leftovers
|turn|55
|chat|Arcticblast|crit Seismic Toss is the new best strategy
|
|move|p2a: Nidoqueen|Toxic Spikes|p1a: Chansey
|-sidestart|p1: Lord Elyis|move: Toxic Spikes
|move|p1a: Chansey|Seismic Toss|p2a: Nidoqueen
|-damage|p2a: Nidoqueen|280/384
|
|-heal|p2a: Nidoqueen|304/384|[from] item: Leftovers
|turn|56
|chat|Pwnemon|dragon tail y/y
|
|switch|p1a: Venusaur|Venusaur, M|316/364
|-formechange|p1a: Venusaur|Venusaur-Mega
|-sideend|p1: Lord Elyis|move: Toxic Spikes|[of] p1a: Venusaur
|move|p2a: Nidoqueen|Toxic Spikes|p1a: Venusaur
|-sidestart|p1: Lord Elyis|move: Toxic Spikes
|
|-heal|p2a: Nidoqueen|328/384|[from] item: Leftovers
|turn|57
|chat|Pwnemon|aw
|chat|Laga|lol
|chat|Imanalt|plays
|chat|chieliee|plays
|
|switch|p2a: Blissey|Blissey, F|545/688
|-damage|p2a: Blissey|459/688|[from] Stealth Rock
|switch|p1a: Chansey|Chansey, F|660/660
|-status|p1a: Chansey|psn
|
|-heal|p2a: Blissey|502/688|[from] item: Leftovers
|-damage|p1a: Chansey|578/660 psn|[from] psn
|turn|58
|chat|davidness|lol
|chat|davidness|stalll shit
|
|switch|p1a: Venusaur|Venusaur, M|316/364
|-formechange|p1a: Venusaur|Venusaur-Mega
|-sideend|p1: Lord Elyis|move: Toxic Spikes|[of] p1a: Venusaur
|move|p2a: Blissey|Seismic Toss|p1a: Venusaur
|-damage|p1a: Venusaur|216/364
|
|-heal|p2a: Blissey|545/688|[from] item: Leftovers
|turn|59
|
|move|p1a: Venusaur|Synthesis|p1a: Venusaur
|-heal|p1a: Venusaur|364/364
|move|p2a: Blissey|Seismic Toss|p1a: Venusaur
|-damage|p1a: Venusaur|264/364
|
|-heal|p2a: Blissey|588/688|[from] item: Leftovers
|turn|60
|chat|OU Mew|amazing damage against megavenu
|
|switch|p1a: Chansey|Chansey, F|578/660
|move|p2a: Blissey|Seismic Toss|p1a: Chansey
|-damage|p1a: Chansey|478/660
|
|-heal|p2a: Blissey|631/688|[from] item: Leftovers
|turn|61
|chat|Imanalt|i feel like defog makes stall vs stall so much worse than it used to be...
|
|move|p2a: Blissey|Toxic|p1a: Chansey
|-status|p1a: Chansey|tox
|move|p1a: Chansey|Soft-Boiled|p1a: Chansey
|-heal|p1a: Chansey|660/660 tox
|
|-heal|p2a: Blissey|674/688|[from] item: Leftovers
|-damage|p1a: Chansey|619/660 tox|[from] psn
|turn|62
|
|switch|p2a: Nidoqueen|Nidoqueen, F|328/384
|-damage|p2a: Nidoqueen|304/384|[from] Stealth Rock
|move|p1a: Chansey|Toxic|p2a: Nidoqueen
|-fail|p2a: Nidoqueen
|
|-heal|p2a: Nidoqueen|328/384|[from] item: Leftovers
|-damage|p1a: Chansey|537/660 tox|[from] psn
|turn|63
|chat|Arcticblast|we're 63 turns in and it hasn't even been 10 minutes
|
|switch|p1a: Venusaur|Venusaur, M|264/364
|-formechange|p1a: Venusaur|Venusaur-Mega
|move|p2a: Nidoqueen|Toxic Spikes|p1a: Venusaur
|-sidestart|p1: Lord Elyis|move: Toxic Spikes
|
|-heal|p2a: Nidoqueen|352/384|[from] item: Leftovers
|turn|64
|chat|Pwnemon|lol
|chat|Pwnemon|blara match is like
|
|switch|p2a: Blissey|Blissey, F|674/688
|-damage|p2a: Blissey|588/688|[from] Stealth Rock
|move|p1a: Venusaur|Synthesis|p1a: Venusaur
|-heal|p1a: Venusaur|364/364
|
|-heal|p2a: Blissey|631/688|[from] item: Leftovers
|turn|65
|chat|Pwnemon|on turn 3
|chat|Pwnemon|at this point
|chat|blarajan|wasn't my fault :))
|
|switch|p1a: Chansey|Chansey, F|537/660
|-status|p1a: Chansey|psn
|switch|p2a: Skarmory|Skarmory, M|195/334
|-damage|p2a: Skarmory|154/334|[from] Stealth Rock
|
|-damage|p1a: Chansey|455/660 psn|[from] psn
|turn|66
|chat|Soulgazer|cased vs jayde was worse..
|
|move|p2a: Skarmory|Roost|p2a: Skarmory
|-heal|p2a: Skarmory|321/334
|move|p1a: Chansey|Soft-Boiled|p1a: Chansey
|-heal|p1a: Chansey|660/660 psn
|
|-damage|p1a: Chansey|578/660 psn|[from] psn
|turn|67
|
|switch|p1a: Venusaur|Venusaur, M|364/364
|-formechange|p1a: Venusaur|Venusaur-Mega
|-sideend|p1: Lord Elyis|move: Toxic Spikes|[of] p1a: Venusaur
|move|p2a: Skarmory|Brave Bird|p1a: Venusaur
|-supereffective|p1a: Venusaur
|-damage|p1a: Venusaur|160/364
|-damage|p2a: Skarmory|254/334|[from] recoil|[of] p1a: Venusaur
|
|turn|68
|chat|Pwnemon|the whirlwind to quags is real here
|chat|Hot N Cold|lady bug at least has a win condition 
|chat|Arcticblast|THE PLAYS
|chat|Laga|oooooh
|chat|dekzeh|plays
|chat|chieliee|plays
|chat|Colchonero|oops
|
|switch|p1a: Skarmory|Skarmory, F|274/334
|move|p2a: Skarmory|Defog|p1a: Skarmory
|-unboost|p1a: Skarmory|evasion|1
|-sideend|p2: Lady bug|Stealth Rock|[from] move: Defog|[of] p2a: Skarmory
|
|-heal|p1a: Skarmory|294/334|[from] item: Leftovers
|turn|69
|chat|Pwnemon|such plays
|
|switch|p2a: Nidoqueen|Nidoqueen, F|352/384
|move|p1a: Skarmory|Whirlwind|p2a: Nidoqueen
|drag|p2a: Clefable|Clefable, M|394/394
|
|-heal|p1a: Skarmory|314/334|[from] item: Leftovers
|turn|70
|chat|Pwnemon|have never been seen
|chat|Pwnemon|by mortals
|chat|dekzeh|the clefable is here
|
|switch|p1a: Chansey|Chansey, F|578/660
|switch|p2a: Gyarados|Gyarados, F|394/394 slp
|-ability|p2a: Gyarados|Intimidate|[of] p1a: Chansey
|-unboost|p1a: Chansey|atk|1
|
|turn|71
|chat|Colchonero|MANfable
|chat|dekzeh|n_n
|chat|Joim|70 turns, no kills
|chat|Joim|gg
|
|switch|p1a: Skarmory|Skarmory, F|314/334
|-curestatus|p2a: Gyarados|slp
|move|p2a: Gyarados|Dragon Dance|p2a: Gyarados
|-boost|p2a: Gyarados|atk|1
|-boost|p2a: Gyarados|spe|1
|
|-heal|p1a: Skarmory|334/334|[from] item: Leftovers
|turn|72
|chat|Imanalt|70 turns not even much damage or progress setting hazards
|
|move|p2a: Gyarados|Dragon Dance|p2a: Gyarados
|-boost|p2a: Gyarados|atk|1
|-boost|p2a: Gyarados|spe|1
|move|p1a: Skarmory|Whirlwind|p2a: Gyarados
|drag|p2a: Blissey|Blissey, F|631/688
|
|-heal|p2a: Blissey|674/688|[from] item: Leftovers
|turn|73
|chat|Pwnemon|but pp stall
|chat|Imanalt|fucking defog
|chat|macle|the damage
|chat|Pwnemon|venus half out of synhs
|
|switch|p1a: Gliscor|Gliscor, M|353/353 tox
|switch|p2a: Nidoqueen|Nidoqueen, F|352/384
|
|-heal|p2a: Nidoqueen|376/384|[from] item: Leftovers
|turn|74
|
|switch|p1a: Venusaur|Venusaur, M|160/364
|-formechange|p1a: Venusaur|Venusaur-Mega
|move|p2a: Nidoqueen|Toxic Spikes|p1a: Venusaur
|-sidestart|p1: Lord Elyis|move: Toxic Spikes
|
|-heal|p2a: Nidoqueen|384/384|[from] item: Leftovers
|turn|75
|chat|Imanalt|yeah its really sad though when thats the most important thing
|chat|Pwnemon|lol
|
|move|p2a: Nidoqueen|Toxic Spikes|p1a: Venusaur
|-sidestart|p1: Lord Elyis|move: Toxic Spikes
|move|p1a: Venusaur|Synthesis|p1a: Venusaur
|-heal|p1a: Venusaur|342/364
|
|turn|76
|chat|Joim|wow the plays
|
|switch|p2a: Skarmory|Skarmory, M|254/334
|switch|p1a: Chansey|Chansey, F|578/660
|-status|p1a: Chansey|tox
|
|-damage|p1a: Chansey|537/660 tox|[from] psn
|turn|77
|
|switch|p1a: Skarmory|Skarmory, F|334/334
|move|p2a: Skarmory|Whirlwind|p1a: Skarmory
|drag|p1a: Heatran|Heatran, M|385/385
|
|turn|78
|chat|blarajan|joim you're embarrassing yourself :((
|chat|Pwnemon|aw
|chat|LonelyNess|awwwww
|chat|myzozoa|lol
|
|switch|p1a: Skarmory|Skarmory, F|334/334
|switch|p2a: Gyarados|Gyarados, F|394/394
|-ability|p2a: Gyarados|Intimidate|[of] p1a: Skarmory
|-unboost|p1a: Skarmory|atk|1
|
|turn|79
|chat|Imanalt|bb if real
|chat|Arcticblast|I think I'll pass on using stall in OST after this
|chat|Pwnemon|buzz kill
|chat|Imanalt|dam
|
|move|p2a: Gyarados|Dragon Dance|p2a: Gyarados
|-boost|p2a: Gyarados|atk|1
|-boost|p2a: Gyarados|spe|1
|move|p1a: Skarmory|Defog|p2a: Gyarados
|-unboost|p2a: Gyarados|evasion|1
|-sideend|p1: Lord Elyis|Toxic Spikes|[from] move: Defog|[of] p1a: Skarmory
|
|turn|80
|chat|Pwnemon|lol ablast
|chat|Joim|I will copy this stall team
|
|move|p2a: Gyarados|Waterfall|p1a: Skarmory
|-damage|p1a: Skarmory|243/334
|move|p1a: Skarmory|Whirlwind|p2a: Gyarados
|drag|p2a: Clefable|Clefable, M|394/394
|
|-heal|p1a: Skarmory|263/334|[from] item: Leftovers
|turn|81
|chat|macle|its ok blara always embarrasses himself
|chat|Annoyer|which one
|chat|Imanalt|lol
|chat|Joim|both
|chat|Pwnemon|one for game 1
|chat|Pwnemon|one for game 2
|
|switch|p1a: Chansey|Chansey, F|537/660
|switch|p2a: Gyarados|Gyarados, F|394/394
|-ability|p2a: Gyarados|Intimidate|[of] p1a: Chansey
|-unboost|p1a: Chansey|atk|1
|
|turn|82
|chat|Pwnemon|if the opponent lives to game 2
|chat|Pwnemon|without an heroing
|
|switch|p2a: Nidoqueen|Nidoqueen, F|384/384
|switch|p1a: Skarmory|Skarmory, F|263/334
|
|-heal|p1a: Skarmory|283/334|[from] item: Leftovers
|turn|83
|chat|Joim|if there's third match then a full choice team ofc
|
|switch|p1a: Chansey|Chansey, F|537/660
|move|p2a: Nidoqueen|Toxic Spikes|p1a: Chansey
|-sidestart|p1: Lord Elyis|move: Toxic Spikes
|
|turn|84
|
|switch|p2a: Blissey|Blissey, F|674/688
|move|p1a: Chansey|Seismic Toss|p2a: Blissey
|-damage|p2a: Blissey|574/688
|
|-heal|p2a: Blissey|617/688|[from] item: Leftovers
|turn|85
|chat|OU Mew|suicide by stall
|
|switch|p1a: Skarmory|Skarmory, F|283/334
|move|p2a: Blissey|Seismic Toss|p1a: Skarmory
|-damage|p1a: Skarmory|183/334
|
|-heal|p1a: Skarmory|203/334|[from] item: Leftovers
|-heal|p2a: Blissey|660/688|[from] item: Leftovers
|turn|86
|
|move|p1a: Skarmory|Roost|p1a: Skarmory
|-heal|p1a: Skarmory|334/334
|move|p2a: Blissey|Seismic Toss|p1a: Skarmory
|-damage|p1a: Skarmory|234/334
|
|-heal|p1a: Skarmory|254/334|[from] item: Leftovers
|-heal|p2a: Blissey|688/688|[from] item: Leftovers
|turn|87
|chat|chieliee|both players should just be constantly switching to not use pp
|chat|chieliee|imo
|chat|Pwnemon|yeah
|
|switch|p2a: Abomasnow|Abomasnow, M|288/384
|-formechange|p2a: Abomasnow|Abomasnow-Mega
|-weather|Hail
|move|p1a: Skarmory|Defog|p2a: Abomasnow
|-unboost|p2a: Abomasnow|evasion|1
|-sideend|p1: Lord Elyis|Toxic Spikes|[from] move: Defog|[of] p1a: Skarmory
|
|-weather|Hail|[upkeep]
|-damage|p1a: Skarmory|234/334|[from] Hail
|-heal|p1a: Skarmory|254/334|[from] item: Leftovers
|turn|88
|chat|macle|winner will be decided by time out to shitting y/n
|chat|Pwnemon|it is prob gonna come to
|chat|Pwnemon|siesmic pp vs synth pp
|chat|Pwnemon|lol
|chat|whistle|this is fucked up
|
|switch|p1a: Heatran|Heatran, M|385/385
|move|p2a: Abomasnow|Leech Seed|p1a: Heatran
|-start|p1a: Heatran|move: Leech Seed
|
|-weather|Hail|[upkeep]
|-damage|p1a: Heatran|361/385|[from] Hail
|-heal|p1a: Heatran|385/385|[from] item: Leftovers
|-damage|p1a: Heatran|337/385|[from] Leech Seed|[of] p2a: Abomasnow
|-heal|p2a: Abomasnow|336/384|[silent]
|turn|89
|chat|jumpluff|what the fuck
|chat|dekzeh|ure fucked up whistle
|chat|jumpluff|i join turn 88 and it's 6-0
|chat|dekzeh|o_o
|chat|jdarden|lol
|chat|Pwnemon|lol
|chat|chieliee|stall vs stall
|chat|whistle|im going to go kill myself
|chat|Annoyer|6-6
|chat|THE_IRON_KENYAN|how is anyone gonna win this game
|chat|jumpluff|would you look at that abomasnow tho.
|chat|THE_IRON_KENYAN|lol
|
|switch|p2a: Gyarados|Gyarados, F|394/394
|-ability|p2a: Gyarados|Intimidate|[of] p1a: Heatran
|-unboost|p1a: Heatran|atk|1
|move|p1a: Heatran|Stealth Rock|p2a: Gyarados
|-sidestart|p2: Lady bug|move: Stealth Rock
|
|-weather|Hail|[upkeep]
|-damage|p2a: Gyarados|370/394|[from] Hail
|-damage|p1a: Heatran|313/385|[from] Hail
|-heal|p2a: Gyarados|394/394|[from] item: Leftovers
|-heal|p1a: Heatran|337/385|[from] item: Leftovers
|-damage|p1a: Heatran|289/385|[from] Leech Seed|[of] p2a: Gyarados
|turn|90
|chat|Laga|TIK
|
|switch|p1a: Quagsire|Quagsire, M|393/393
|move|p2a: Gyarados|Dragon Dance|p2a: Gyarados
|-boost|p2a: Gyarados|atk|1
|-boost|p2a: Gyarados|spe|1
|
|-weather|Hail|[upkeep]
|-damage|p2a: Gyarados|370/394|[from] Hail
|-damage|p1a: Quagsire|369/393|[from] Hail
|-heal|p2a: Gyarados|394/394|[from] item: Leftovers
|-heal|p1a: Quagsire|393/393|[from] item: Leftovers
|turn|91
|chat|Laga|I am having a struggle seeing how
|chat|Pwnemon|laga that was forced
|
|switch|p2a: Blissey|Blissey, F|688/688
|-damage|p2a: Blissey|602/688|[from] Stealth Rock
|move|p1a: Quagsire|Scald|p2a: Blissey
|-damage|p2a: Blissey|553/688
|
|-weather|none
|-heal|p2a: Blissey|596/688|[from] item: Leftovers
|turn|92
|chat|Laga|shut up.
|
|switch|p1a: Gliscor|Gliscor, M|353/353 tox
|move|p2a: Blissey|Seismic Toss|p1a: Gliscor
|-damage|p1a: Gliscor|253/353 tox
|
|-heal|p2a: Blissey|639/688|[from] item: Leftovers
|-heal|p1a: Gliscor|297/353 tox|[from] ability: Poison Heal
|turn|93
|
|switch|p1a: Heatran|Heatran, M|289/385
|switch|p2a: Skarmory|Skarmory, M|254/334
|-damage|p2a: Skarmory|213/334|[from] Stealth Rock
|
|-heal|p1a: Heatran|313/385|[from] item: Leftovers
|turn|94
|chat|Pwnemon|plays
|chat|Treecko|cripple fiiiight
|
|switch|p1a: Quagsire|Quagsire, M|393/393
|switch|p2a: Gyarados|Gyarados, F|394/394
|-damage|p2a: Gyarados|296/394|[from] Stealth Rock
|-ability|p2a: Gyarados|Intimidate|[of] p1a: Quagsire
|-unboost|p1a: Quagsire|atk|1
|
|-heal|p2a: Gyarados|320/394|[from] item: Leftovers
|turn|95
|chat|THE_IRON_KENYAN|leche seed
|
|move|p2a: Gyarados|Dragon Dance|p2a: Gyarados
|-boost|p2a: Gyarados|atk|1
|-boost|p2a: Gyarados|spe|1
|move|p1a: Quagsire|Scald|p2a: Gyarados
|-resisted|p2a: Gyarados
|-damage|p2a: Gyarados|287/394
|-status|p2a: Gyarados|brn
|
|-heal|p2a: Gyarados|311/394 brn|[from] item: Leftovers
|-damage|p2a: Gyarados|262/394 brn|[from] brn
|turn|96
|chat|Soulgazer|nb
|chat|Joim|wow
|chat|macle|NOooooooo
|chat|Biosci|yessssss
|chat|LonelyNess|he has rest 
|chat|chieliee|it has rest
|chat|Pwnemon|its ok rest lelele
|chat|Joim|fuck man
|
|move|p2a: Gyarados|Dragon Dance|p2a: Gyarados
|-boost|p2a: Gyarados|atk|1
|-boost|p2a: Gyarados|spe|1
|move|p1a: Quagsire|Scald|p2a: Gyarados
|-crit|p2a: Gyarados
|-resisted|p2a: Gyarados
|-damage|p2a: Gyarados|208/394 brn
|
|-heal|p2a: Gyarados|232/394 brn|[from] item: Leftovers
|-damage|p2a: Gyarados|183/394 brn|[from] brn
|turn|97
|chat|Biosci|progress
|chat|THE_IRON_KENYAN|is this an spl match
|chat|LonelyNess|calm your tits lol
|chat|THE_IRON_KENYAN|?
|chat|Pwnemon|y
|chat|Soulgazer|it has rest so 'lol'
|
|move|p2a: Gyarados|Rest|p2a: Gyarados
|-status|p2a: Gyarados|slp
|-heal|p2a: Gyarados|394/394 slp|[silent]
|-status|p2a: Gyarados|slp|[from] move: Rest
|move|p1a: Quagsire|Scald|p2a: Gyarados
|-resisted|p2a: Gyarados
|-damage|p2a: Gyarados|358/394 slp
|
|-heal|p2a: Gyarados|382/394 slp|[from] item: Leftovers
|turn|98
|chat|THE_IRON_KENYAN|PH SHIT
|chat|OU Mew|HP Electric
|chat|THE_IRON_KENYAN|SHEIIT
|chat|THE_IRON_KENYAN|SHEEIT
|chat|Hot N Cold|soulhaxer
|chat|Joim|I went here later on
|chat|Joim|don't hate
|chat|Hot N Cold| :{|}
|
|switch|p1a: Skarmory|Skarmory, F|254/334
|cant|p2a: Gyarados|slp
|
|-heal|p2a: Gyarados|394/394 slp|[from] item: Leftovers
|-heal|p1a: Skarmory|274/334|[from] item: Leftovers
|turn|99
|chat|THE_IRON_KENYAN|its got rest
|chat|Pwnemon|lets predict final turn #
|chat|Soulgazer|i can see why tho
|chat|THE_IRON_KENYAN|i know it in my heart
|
|cant|p2a: Gyarados|slp
|move|p1a: Skarmory|Whirlwind|p2a: Gyarados
|drag|p2a: Blissey|Blissey, F|639/688
|-damage|p2a: Blissey|553/688|[from] Stealth Rock
|
|-heal|p1a: Skarmory|294/334|[from] item: Leftovers
|-heal|p2a: Blissey|596/688|[from] item: Leftovers
|turn|100
|chat|Pwnemon|i bet 100
|chat|chieliee|has gyara revealed it's last move yet
|chat|Pwnemon|er
|chat|Pwnemon|1000
|chat|Pwnemon|lol
|chat|Soulgazer|chielee
|
|switch|p1a: Chansey|Chansey, F|537/660
|move|p2a: Blissey|Seismic Toss|p1a: Chansey
|-damage|p1a: Chansey|437/660
|
|-heal|p2a: Blissey|639/688|[from] item: Leftovers
|turn|101
|chat|Treecko|it's resttalk
|chat|Pwnemon|no chie
|chat|Texas Cloverleaf|it has
|chat|Soulgazer|its rest dd wfall eq
|chat|Laga|nice prediction pwne
|chat|Joim|Stall games start breaking after 200
|chat|Treecko|oh
|chat|Laga|this is where one of em times out
|chat|Treecko|or not
|chat|Arcticblast|yeah chieliee, it has
|chat|Treecko|:)
|
|move|p2a: Blissey|Toxic|p1a: Chansey
|-status|p1a: Chansey|tox
|move|p1a: Chansey|Toxic|p2a: Blissey|[miss]
|-miss|p1a: Chansey|p2a: Blissey
|
|-heal|p2a: Blissey|682/688|[from] item: Leftovers
|-damage|p1a: Chansey|396/660 tox|[from] psn
|turn|102
|chat|chieliee|did he show eq
|chat|Soulgazer|y
|chat|Pwnemon|y
|chat|Soulgazer|lol
|
|switch|p2a: Nidoqueen|Nidoqueen, F|384/384
|-damage|p2a: Nidoqueen|360/384|[from] Stealth Rock
|move|p1a: Chansey|Soft-Boiled|p1a: Chansey
|-heal|p1a: Chansey|660/660 tox
|
|-heal|p2a: Nidoqueen|384/384|[from] item: Leftovers
|-damage|p1a: Chansey|578/660 tox|[from] psn
|turn|103
|chat|Hot N Cold|which waste PP loses this game lol 
|chat|THE_IRON_KENYAN|is this what gsc is like
|chat|jumpluff|it's like gsc
|chat|Pwnemon|i think blisseys seismic toss
|chat|jumpluff|..
|chat|THE_IRON_KENYAN|lel
|chat|Pwnemon|will decide the game
|chat|Pwnemon|funnily
|
|switch|p1a: Venusaur|Venusaur, M|342/364
|-formechange|p1a: Venusaur|Venusaur-Mega
|move|p2a: Nidoqueen|Toxic Spikes|p1a: Venusaur
|-sidestart|p1: Lord Elyis|move: Toxic Spikes
|
|turn|104
|chat|myzozoa|xy sux y/n
|chat|Pwnemon|all the gsc games this spl
|chat|Pwnemon|have been pretty quick
|chat|jumpluff|sub in myzo
|chat|THE_IRON_KENYAN|i wonder if i have time to brush my teeth before this battle is over
|chat|jumpluff|bring the fire
|
|move|p2a: Nidoqueen|Flamethrower|p1a: Venusaur
|-supereffective|p1a: Venusaur
|-damage|p1a: Venusaur|294/364
|move|p1a: Venusaur|Earthquake|p2a: Nidoqueen
|-supereffective|p2a: Nidoqueen
|-damage|p2a: Nidoqueen|250/384
|
|-heal|p2a: Nidoqueen|274/384|[from] item: Leftovers
|turn|105
|chat|Pwnemon|you have time to cook a four course meal
|chat|Stone_Cold22|lol
|chat|Joim|"it's super effective"
|chat|Pwnemon|before this shit ends
|chat|BAIKA|thick fat ^_____^
|
|switch|p1a: Chansey|Chansey, F|578/660
|-status|p1a: Chansey|psn
|move|p2a: Nidoqueen|Flamethrower|p1a: Chansey
|-damage|p1a: Chansey|542/660 psn
|
|-heal|p2a: Nidoqueen|298/384|[from] item: Leftovers
|-damage|p1a: Chansey|460/660 psn|[from] psn
|turn|106
|chat|Soulgazer|pwnemon, atleast they play quickly
|chat|jumpluff|yeah jesus
|chat|Treecko|yea lol
|chat|Pwnemon|lol tru
|chat|Soulgazer|took 1hour+ for cased and jayde to play
|chat|Soulgazer|20 turns
|
|switch|p2a: Skarmory|Skarmory, M|213/334
|-damage|p2a: Skarmory|172/334|[from] Stealth Rock
|switch|p1a: Venusaur|Venusaur, M|294/364
|-formechange|p1a: Venusaur|Venusaur-Mega
|-sideend|p1: Lord Elyis|move: Toxic Spikes|[of] p1a: Venusaur
|
|turn|107
|chat|Joim|yeah I know
|chat|Joim|it's just funny
|chat|jumpluff|cased vs. problems was the worst
|
|switch|p1a: Heatran|Heatran, M|313/385
|move|p2a: Skarmory|Defog|p1a: Heatran
|-unboost|p1a: Heatran|evasion|1
|-sideend|p2: Lady bug|Stealth Rock|[from] move: Defog|[of] p2a: Skarmory
|
|-heal|p1a: Heatran|337/385|[from] item: Leftovers
|turn|108
|chat|jumpluff|i nearly killed myself staying awake through that cos i was sick
|chat|Annoyer|when did this match start btw
|chat|Pwnemon|they dont play the same tier
|chat|blarajan|cased definitely fought problems
|chat|Pwnemon|lol
|chat|myzozoa|how many defogs do they each ahve
|chat|Treecko|lol
|chat|Soulgazer|annoyer
|chat|Soulgazer|like
|
|switch|p2a: Nidoqueen|Nidoqueen, F|298/384
|move|p1a: Heatran|Stealth Rock|p2a: Nidoqueen
|-sidestart|p2: Lady bug|move: Stealth Rock
|
|-heal|p1a: Heatran|361/385|[from] item: Leftovers
|-heal|p2a: Nidoqueen|322/384|[from] item: Leftovers
|turn|109
|chat|Soulgazer|10min ago?
|chat|Soulgazer|idk
|chat|Annoyer|lol damn
|chat|Laga|started just before you got on irc annoyer
|chat|Pwnemon|20 i think
|chat|Arcticblast|15 minutes ago
|chat|chieliee|20
|
|switch|p1a: Chansey|Chansey, F|460/660
|move|p2a: Nidoqueen|Toxic Spikes|p1a: Chansey
|-sidestart|p1: Lord Elyis|move: Toxic Spikes
|
|-heal|p2a: Nidoqueen|346/384|[from] item: Leftovers
|turn|110
|chat|blarajan|i love how over entitled spectators are o.O
|chat|Pwnemon|uh wow
|chat|Pwnemon|six
|chat|Pwnemon|rofl
|
|switch|p2a: Blissey|Blissey, F|682/688
|-damage|p2a: Blissey|596/688|[from] Stealth Rock
|move|p1a: Chansey|Soft-Boiled|p1a: Chansey
|-heal|p1a: Chansey|660/660
|
|-heal|p2a: Blissey|639/688|[from] item: Leftovers
|turn|111
|chat|Pwnemon|six mins ago
|chat|Arcticblast|oh 20 w/e
|chat|Pwnemon|and on turn 110
|chat|Hugendugen|what turn are we up to?
|
|switch|p1a: Venusaur|Venusaur, M|294/364
|-formechange|p1a: Venusaur|Venusaur-Mega
|-sideend|p1: Lord Elyis|move: Toxic Spikes|[of] p1a: Venusaur
|move|p2a: Blissey|Seismic Toss|p1a: Venusaur
|-damage|p1a: Venusaur|194/364
|
|-heal|p2a: Blissey|682/688|[from] item: Leftovers
|turn|112
|chat|Annoyer|111
|chat|Treecko|111
|chat|jumpluff|that's impressive
|chat|Pwnemon|wait no
|chat|Hugendugen|I just got back and I'm still catching up
|chat|Pwnemon|it got posted twice
|chat|Pwnemon|on irc
|
|switch|p1a: Gliscor|Gliscor, M|297/353 tox
|move|p2a: Blissey|Toxic|p1a: Gliscor
|-fail|p1a: Gliscor|tox
|
|-heal|p2a: Blissey|688/688|[from] item: Leftovers
|-heal|p1a: Gliscor|341/353 tox|[from] ability: Poison Heal
|turn|113
|chat|Hugendugen|105 atm
|chat|Pwnemon|i foudn the later
|chat|Hugendugen|almost there
|chat|Pwnemon|it was >20 mins
|chat|Treecko|lol
|chat|blarajan|pwnemon
|chat|blarajan|it started 23 minutes ago
|
|switch|p1a: Heatran|Heatran, M|361/385
|switch|p2a: Gyarados|Gyarados, F|394/394 slp
|-damage|p2a: Gyarados|296/394 slp|[from] Stealth Rock
|-ability|p2a: Gyarados|Intimidate|[of] p1a: Heatran
|-unboost|p1a: Heatran|atk|1
|
|-heal|p2a: Gyarados|320/394 slp|[from] item: Leftovers
|-heal|p1a: Heatran|385/385|[from] item: Leftovers
|turn|114
|chat|Pwnemon|y
|chat|jumpluff|even still 5 turns a minute approx.
|chat|Pwnemon|i got it
|chat|jumpluff|is very solid for this spl
|chat|jumpluff|very good in general
|chat|Treecko|yeah it is
|chat|Stone_Cold22|jumpluff
|chat|Stone_Cold22|first penta in ranked about 30 mins ago
|chat|Stone_Cold22|lfgi?
|chat|jumpluff|grats! what champ
|
|switch|p1a: Skarmory|Skarmory, F|294/334
|-curestatus|p2a: Gyarados|slp
|move|p2a: Gyarados|Dragon Dance|p2a: Gyarados
|-boost|p2a: Gyarados|atk|1
|-boost|p2a: Gyarados|spe|1
|
|-heal|p2a: Gyarados|344/394|[from] item: Leftovers
|-heal|p1a: Skarmory|314/334|[from] item: Leftovers
|turn|115
|chat|Stone_Cold22|fizz
|chat|jumpluff|nice
|chat|Stone_Cold22|the ew boss
|chat|myzozoa|flinchas
|
|move|p2a: Gyarados|Waterfall|p1a: Skarmory
|-damage|p1a: Skarmory|224/334
|cant|p1a: Skarmory|flinch
|
|-heal|p2a: Gyarados|368/394|[from] item: Leftovers
|-heal|p1a: Skarmory|244/334|[from] item: Leftovers
|turn|116
|chat|Arcticblast|triple crit flinch right here
|chat|myzozoa|weak af
|chat|Hot N Cold|lol quagsire
|chat|Pwnemon|yes flinch
|chat|blarajan|FLINCH 1 FOR THE BUG
|chat|Soulgazer|myzo,,
|chat|chieliee|3 more
|chat|jumpluff|thanks myzo
|
|move|p2a: Gyarados|Dragon Dance|p2a: Gyarados
|-boost|p2a: Gyarados|atk|1
|-boost|p2a: Gyarados|spe|1
|move|p1a: Skarmory|Whirlwind|p2a: Gyarados
|drag|p2a: Skarmory|Skarmory, M|172/334
|-damage|p2a: Skarmory|131/334|[from] Stealth Rock
|
|-heal|p1a: Skarmory|264/334|[from] item: Leftovers
|turn|117
|chat|Soulgazer|dont flinch
|chat|Annoyer|dag.
|chat|Pwnemon|lol the dance
|chat|Hugendugen|ok sweet, finally caught up
|
|switch|p1a: Heatran|Heatran, M|385/385
|move|p2a: Skarmory|Roost|p2a: Skarmory
|-heal|p2a: Skarmory|298/334
|
|turn|118
|chat|Pwnemon|where is the defog
|
|switch|p2a: Gyarados|Gyarados, F|368/394
|-damage|p2a: Gyarados|270/394|[from] Stealth Rock
|-ability|p2a: Gyarados|Intimidate|[of] p1a: Heatran
|-unboost|p1a: Heatran|atk|1
|move|p1a: Heatran|Roar|p2a: Gyarados
|drag|p2a: Blissey|Blissey, F|688/688
|-damage|p2a: Blissey|602/688|[from] Stealth Rock
|
|-heal|p2a: Blissey|645/688|[from] item: Leftovers
|turn|119
|chat|the pdc show|you both just had to bring stall
|chat|Soulgazer|ah not bad
|chat|Valentine|oml
|chat|Stone_Cold22|tbh
|chat|chieliee|ah
|
|switch|p1a: Chansey|Chansey, F|660/660
|move|p2a: Blissey|Seismic Toss|p1a: Chansey
|-damage|p1a: Chansey|560/660
|
|-heal|p2a: Blissey|688/688|[from] item: Leftovers
|turn|120
|chat|Stone_Cold22|elyis should talked to me before hand
|chat|Stone_Cold22|i woulda told him what lady bug would use
|chat|Stone_Cold22|lol
|chat|Arcticblast|man imagine if that was a Taunt Gyara
|chat|Stone_Cold22|smfh
|
|move|p2a: Blissey|Seismic Toss|p1a: Chansey
|-damage|p1a: Chansey|460/660
|move|p1a: Chansey|Seismic Toss|p2a: Blissey
|-damage|p2a: Blissey|588/688
|
|-heal|p2a: Blissey|631/688|[from] item: Leftovers
|turn|121
|chat|jumpluff|dude lb told everyone he was gonna use hail stall
|chat|jumpluff|he was warned.
|
|switch|p2a: Skarmory|Skarmory, M|298/334
|-damage|p2a: Skarmory|257/334|[from] Stealth Rock
|move|p1a: Chansey|Toxic|p2a: Skarmory
|-fail|p2a: Skarmory
|
|turn|122
|chat|Arcticblast|this game would have been over sixty turns ago
|chat|myzozoa|i like how he still uses nidoqueen on his hail stall
|
|switch|p1a: Heatran|Heatran, M|385/385
|move|p2a: Skarmory|Defog|p1a: Heatran
|-unboost|p1a: Heatran|evasion|1
|-sideend|p2: Lady bug|Stealth Rock|[from] move: Defog|[of] p2a: Skarmory
|
|turn|123
|chat|myzozoa|nothing changes
|chat|chieliee|cant these guys just restart with new teams pls
|chat|jumpluff|:')
|
|switch|p2a: Nidoqueen|Nidoqueen, F|346/384
|move|p1a: Heatran|Stealth Rock|p2a: Nidoqueen
|-sidestart|p2: Lady bug|move: Stealth Rock
|
|-heal|p2a: Nidoqueen|370/384|[from] item: Leftovers
|turn|124
|chat|Dice|the mcmeghan tactics
|chat|Dice|scouting playstyle and then restarting
|
|switch|p1a: Chansey|Chansey, F|460/660
|move|p2a: Nidoqueen|Toxic Spikes|p1a: Chansey
|-sidestart|p1: Lord Elyis|move: Toxic Spikes
|
|-heal|p2a: Nidoqueen|384/384|[from] item: Leftovers
|turn|125
|chat|Pwnemon|lol
|
|switch|p2a: Skarmory|Skarmory, M|257/334
|-damage|p2a: Skarmory|216/334|[from] Stealth Rock
|move|p1a: Chansey|Seismic Toss|p2a: Skarmory
|-damage|p2a: Skarmory|116/334
|-damage|p1a: Chansey|350/660|[from] item: Rocky Helmet|[of] p2a: Skarmory
|
|turn|126
|chat|McMeghan|oO
|chat|Stone_Cold22|the plays
|
|move|p2a: Skarmory|Roost|p2a: Skarmory
|-heal|p2a: Skarmory|283/334
|move|p1a: Chansey|Soft-Boiled|p1a: Chansey
|-heal|p1a: Chansey|660/660
|
|turn|127
|
|switch|p1a: Skarmory|Skarmory, F|264/334
|move|p2a: Skarmory|Whirlwind|p1a: Skarmory
|drag|p1a: Quagsire|Quagsire, M|393/393
|-status|p1a: Quagsire|psn
|
|-damage|p1a: Quagsire|344/393 psn|[from] psn
|turn|128
|chat|Pwnemon|YES
|chat|blarajan|GOT IT
|chat|LonelyNess|boom
|chat|myzozoa|nice
|chat|Pwnemon|THE REAL
|chat|Colchonero|yeah
|chat|Imanalt|boom
|
|switch|p1a: Skarmory|Skarmory, F|264/334
|move|p2a: Skarmory|Defog|p1a: Skarmory
|-unboost|p1a: Skarmory|evasion|1
|-sideend|p1: Lord Elyis|Toxic Spikes|[from] move: Defog|[of] p1a: Skarmory
|-sideend|p2: Lady bug|Stealth Rock|[from] move: Defog|[of] p2a: Skarmory
|
|-heal|p1a: Skarmory|284/334|[from] item: Leftovers
|turn|129
|chat|blarajan|heal bell on chansey tho
|chat|myzozoa|seriously?
|chat|blarajan|probably?
|chat|Pwnemon|if there is a god
|chat|chieliee|everything has a 'though' in this battle
|
|switch|p2a: Gyarados|Gyarados, F|270/394
|-ability|p2a: Gyarados|Intimidate|[of] p1a: Skarmory
|-unboost|p1a: Skarmory|atk|1
|switch|p1a: Chansey|Chansey, F|660/660
|
|-heal|p2a: Gyarados|294/394|[from] item: Leftovers
|turn|130
|chat|Treecko|if it is, that's still one less PP of it :O
|
|switch|p1a: Skarmory|Skarmory, F|284/334
|move|p2a: Gyarados|Dragon Dance|p2a: Gyarados
|-boost|p2a: Gyarados|atk|1
|-boost|p2a: Gyarados|spe|1
|
|-heal|p2a: Gyarados|318/394|[from] item: Leftovers
|-heal|p1a: Skarmory|304/334|[from] item: Leftovers
|turn|131
|
|move|p2a: Gyarados|Waterfall|p1a: Skarmory
|-damage|p1a: Skarmory|213/334
|move|p1a: Skarmory|Whirlwind|p2a: Gyarados
|drag|p2a: Nidoqueen|Nidoqueen, F|384/384
|
|-heal|p1a: Skarmory|233/334|[from] item: Leftovers
|turn|132
|chat|jumpluff|y'all should start putting spite on ur mons imo
|chat|Laga|man you know you are using some srs stall on stall
|chat|Laga|when spectators are talking about
|
|switch|p1a: Chansey|Chansey, F|660/660
|move|p2a: Nidoqueen|Flamethrower|p1a: Chansey
|-damage|p1a: Chansey|624/660
|
|turn|133
|chat|Laga|stalling out heal bell pp
|chat|Treecko|yea lol
|chat|Imanalt|when are the waterfall flicnhes going to start
|chat|jumpluff|ipl stalled ot rapid spin once
|chat|jumpluff|out*
|
|move|p2a: Nidoqueen|Sludge Wave|p1a: Chansey
|-damage|p1a: Chansey|561/660
|move|p1a: Chansey|Aromatherapy|p1a: Chansey
|-cureteam|p1a: Chansey|[from] move: Aromatherapy
|
|turn|134
|chat|Annoyer|mushy stall
|chat|edgrr|:]
|chat|Imanalt|wow amazingly strong
|chat|blarajan|there it is
|chat|macle|there is it
|chat|jdarden|damage
|chat|Soulgazer|ah
|chat|Soulgazer|the wave
|chat|jumpluff|which has 64 PP
|
|move|p2a: Nidoqueen|Toxic Spikes|p1a: Chansey
|-sidestart|p1: Lord Elyis|move: Toxic Spikes
|move|p1a: Chansey|Seismic Toss|p2a: Nidoqueen
|-damage|p2a: Nidoqueen|284/384
|
|-heal|p2a: Nidoqueen|308/384|[from] item: Leftovers
|turn|135
|chat|Pwnemon|no it has 8
|chat|Pwnemon|fasten ur fucking seatbelts folks
|
|move|p2a: Nidoqueen|Flamethrower|p1a: Chansey
|-damage|p1a: Chansey|526/660
|move|p1a: Chansey|Seismic Toss|p2a: Nidoqueen
|-damage|p2a: Nidoqueen|208/384
|
|-heal|p2a: Nidoqueen|232/384|[from] item: Leftovers
|turn|136
|chat|jumpluff|rapid spin >.>
|chat|Pwnemon|this is gonna take a while
|chat|Treecko|she was talking about spin
|chat|Pwnemon|oh
|chat|Treecko|not aromatherapy
|chat|Arcticblast|dear god pluff that sounds awful
|chat|Stone_Cold22|pluff
|chat|THE_IRON_KENYAN|ok i got done brushing my teeth did anything happen
|chat|Stone_Cold22|someone on ladder on shoddy ran
|chat|Treecko|nop
|
|switch|p2a: Gyarados|Gyarados, F|318/394
|-ability|p2a: Gyarados|Intimidate|[of] p1a: Chansey
|-unboost|p1a: Chansey|atk|1
|switch|p1a: Venusaur|Venusaur, M|194/364
|-formechange|p1a: Venusaur|Venusaur-Mega
|-sideend|p1: Lord Elyis|move: Toxic Spikes|[of] p1a: Venusaur
|
|-heal|p2a: Gyarados|342/394|[from] item: Leftovers
|turn|137
|chat|Annoyer|revealed aroma
|chat|Laga|wow pluff
|chat|Stone_Cold22|cosmic power rest sleep talk rapid spin claydol
|chat|Stone_Cold22|just to pp stall
|chat|blarajan|i'm genuinely worried lady bug will run out of toxic spike pp
|chat|LonelyNess|THE_IRON_KENYAN: exactly 1 aromatherapy pp was stalled
|chat|Treecko|lol
|chat|jumpluff|rofl stone
|chat|Pwnemon|can i get a 
|chat|Stone_Cold22|i was like
|
|switch|p1a: Quagsire|Quagsire, M|344/393
|move|p2a: Gyarados|Earthquake|p1a: Quagsire
|-damage|p1a: Quagsire|263/393
|
|-heal|p2a: Gyarados|366/394|[from] item: Leftovers
|-heal|p1a: Quagsire|287/393|[from] item: Leftovers
|turn|138
|chat|Pwnemon|gothitelle
|chat|Stone_Cold22|RELLY DUDE
|chat|Laga|did the dude have like 3 spikers and 2 rock setters
|chat|Laga|or something
|chat|Stone_Cold22|the 09 days
|chat|Imanalt|ive seen bh games revolve around stalling out spin pps
|chat|LonelyNess|that is the net gain of what has happened thus far
|chat|Raichy|Is this GSC?
|
|switch|p2a: Blissey|Blissey, F|631/688
|move|p1a: Quagsire|Toxic|p2a: Blissey
|-status|p2a: Blissey|tox
|
|-heal|p2a: Blissey|674/688 tox|[from] item: Leftovers
|-heal|p1a: Quagsire|311/393|[from] item: Leftovers
|-damage|p2a: Blissey|631/688 tox|[from] psn
|turn|139
|chat|Imanalt|only to have the second spinner get revealed in turn 300
|chat|zfs|nah, gsc is more exciting ;o
|chat|Treecko|aha
|chat|Texas Cloverleaf|gsc would be faster than this
|
|switch|p2a: Abomasnow|Abomasnow, M|336/384
|-formechange|p2a: Abomasnow|Abomasnow-Mega
|-weather|Hail
|switch|p1a: Gliscor|Gliscor, M|341/353
|
|-weather|Hail|[upkeep]
|-damage|p1a: Gliscor|319/353|[from] Hail
|-activate|p1a: Gliscor|item: Toxic Orb
|-status|p1a: Gliscor|tox
|turn|140
|chat|jumpluff|omg Imanalt lol
|chat|Raichy|:c
|chat|jdarden|at least they COULD pp stall
|chat|Treecko|plaaaaays
|chat|THE_IRON_KENYAN|he has the advantage
|
|move|p1a: Gliscor|Protect|p1a: Gliscor
|-singleturn|p1a: Gliscor|Protect
|move|p2a: Abomasnow|Leech Seed|p1a: Gliscor
|-activate|p1a: Gliscor|Protect
|
|-weather|Hail|[upkeep]
|-damage|p1a: Gliscor|297/353 tox|[from] Hail
|-heal|p1a: Gliscor|341/353 tox|[from] ability: Poison Heal
|turn|141
|chat|Pwnemon|real
|chat|jdarden|and didn't fall victim to shuckie
|chat|THE_IRON_KENYAN|THE PALYS
|chat|Imanalt|fucking shuckle
|chat|jumpluff|jdarden :)
|chat|Annoyer|frz
|chat|myzozoa|blizzard try to freeze
|chat|Imanalt|fucking greatsage
|
|move|p1a: Gliscor|Substitute|p1a: Gliscor
|-start|p1a: Gliscor|Substitute
|-damage|p1a: Gliscor|253/353 tox
|move|p2a: Abomasnow|Leech Seed|p1a: Gliscor
|
|-weather|Hail|[upkeep]
|-damage|p1a: Gliscor|231/353 tox|[from] Hail
|-heal|p1a: Gliscor|275/353 tox|[from] ability: Poison Heal
|turn|142
|chat|Pwnemon|damn
|chat|jdarden|jumpluff :)
|chat|THE_IRON_KENYAN|the plays
|chat|Treecko|:OOOOOOOO
|chat|Stone_Cold22|PLAYS
|chat|Annoyer|ono
|chat|Imanalt|fucking destroyed
|chat|Soulgazer|ah not bad
|chat|Stone_Cold22|MADE
|chat|Valentine|fuckin gg
|chat|Pwnemon|toxic is coming
|chat|Nachos|Ah!
|chat|Soulgazer|NOT BAD
|
|switch|p1a: Heatran|Heatran, M|385/385
|switch|p2a: Skarmory|Skarmory, M|283/334
|
|-weather|Hail|[upkeep]
|-damage|p1a: Heatran|361/385|[from] Hail
|-damage|p2a: Skarmory|263/334|[from] Hail
|-heal|p1a: Heatran|385/385|[from] item: Leftovers
|turn|143
|chat|Pwnemon|get out
|chat|Soulgazer|LOL
|chat|Pwnemon|oh shit
|chat|Stone_Cold22|DAM
|chat|Treecko|oml
|chat|Stone_Cold22|THE PREDICS
|chat|THE_IRON_KENYAN|fucking destroyed
|chat|Imanalt|PLAYS
|chat|Imanalt|fuck
|
|switch|p2a: Nidoqueen|Nidoqueen, F|232/384
|move|p1a: Heatran|Stealth Rock|p2a: Nidoqueen
|-sidestart|p2: Lady bug|move: Stealth Rock
|
|-weather|none
|-heal|p2a: Nidoqueen|256/384|[from] item: Leftovers
|turn|144
|chat|Imanalt|i have to go to class
|chat|Imanalt|this will probably still be going when i get back tho
|chat|Laga|too bad
|chat|Soulgazer|dw
|chat|Imanalt|:/
|chat|Treecko|lol
|chat|Treecko|it's ok
|chat|Treecko|yea
|chat|Laga|still nothing happened
|chat|Treecko|exactly
|chat|Soulgazer|it will still be going
|
|switch|p1a: Chansey|Chansey, F|526/660
|move|p2a: Nidoqueen|Toxic Spikes|p1a: Chansey
|-sidestart|p1: Lord Elyis|move: Toxic Spikes
|
|-heal|p2a: Nidoqueen|280/384|[from] item: Leftovers
|turn|145
|chat|Soulgazer|when you come back
|chat|blarajan|are you lot genuinely saying nothing has happened
|chat|Imanalt|if this is still going by then, at the rate theyre palying itll probably be turn 400 or something
|chat|macle|ww in quag :(
|chat|THE_IRON_KENYAN|i wonder if i should rap the whole time this is going on
|chat|SoulWind|you shouldn't
THE_IRON_KENYAN was warned by Arcticblast. (no)
|chat|Laga|blarajan nothing has happened besides pp stall
|chat|Imanalt|blarajan pps have been stalled
|
|switch|p2a: Skarmory|Skarmory, M|263/334
|-damage|p2a: Skarmory|222/334|[from] Stealth Rock
|move|p1a: Chansey|Seismic Toss|p2a: Skarmory
|-damage|p2a: Skarmory|122/334
|-damage|p1a: Chansey|416/660|[from] item: Rocky Helmet|[of] p2a: Skarmory
|
|turn|146
|chat|blarajan|yeah that's a lot of things happening
|chat|Imanalt|go for bb supercrit
|chat|blarajan|that's what this game is about lol
|chat|Stinson|has anything lost pp yet?
|
|switch|p1a: Skarmory|Skarmory, F|233/334
|move|p2a: Skarmory|Roost|p2a: Skarmory
|-heal|p2a: Skarmory|289/334
|
|-heal|p1a: Skarmory|253/334|[from] item: Leftovers
|turn|147
|chat|Stinson|and also is this an SPL game>?
|chat|Pwnemon|y
|
|move|p1a: Skarmory|Defog|p2a: Skarmory
|-unboost|p2a: Skarmory|evasion|1
|-sideend|p2: Lady bug|Stealth Rock|[from] move: Defog|[of] p2a: Skarmory
|-sideend|p1: Lord Elyis|Toxic Spikes|[from] move: Defog|[of] p1a: Skarmory
|move|p2a: Skarmory|Whirlwind|p1a: Skarmory
|drag|p1a: Heatran|Heatran, M|385/385
|
|turn|148
|chat|blarajan|yes
|chat|OU Mew|y
|chat|Laga|it is
|chat|Stinson|ah cool
|chat|THE_IRON_KENYAN|this is a team friendly
|chat|Imanalt|fucking destroyed
|chat|chieliee|i feel sorry for the teammates counting every pp on every move
|chat|Soulgazer|nb
|chat|Pwnemon|lol tik
|chat|blarajan|cntl f
|chat|Imanalt|not like its hard chieliee, ctrl+f
|
|switch|p2a: Gyarados|Gyarados, F|366/394
|-ability|p2a: Gyarados|Intimidate|[of] p1a: Heatran
|-unboost|p1a: Heatran|atk|1
|move|p1a: Heatran|Lava Plume|p2a: Gyarados
|-resisted|p2a: Gyarados
|-damage|p2a: Gyarados|309/394
|
|-heal|p2a: Gyarados|333/394|[from] item: Leftovers
|turn|149
|chat|jumpluff|ah chieliee gets it
|chat|THE_IRON_KENYAN|how does anyone win this
|chat|chieliee|yeah but if roost, you have to fliter out which is ur roost and which is the others
|chat|THE_IRON_KENYAN|first guy to run out of aroma therapies
|
|switch|p2a: Nidoqueen|Nidoqueen, F|280/384
|switch|p1a: Quagsire|Quagsire, M|311/393
|
|-heal|p2a: Nidoqueen|304/384|[from] item: Leftovers
|-heal|p1a: Quagsire|335/393|[from] item: Leftovers
|turn|150
|chat|chieliee|and spectator talk
|chat|Valentine|stone
|chat|myzozoa|they should double switch more
|chat|myzozoa|conserve that pp
|chat|Stone_Cold22|val
|chat|jdarden|even ctrl _f is irritating when so many moves are shared
|chat|Valentine|im on shoddy
|chat|Valentine|leggo
|chat|Stone_Cold22|shoddy is for fegs
|chat|Valentine|halo
|chat|Imanalt|nah tik lb probably willl eventually win when venu runs out of synths
|chat|Stone_Cold22|do ppl still use it
|chat|Stone_Cold22|?
|
|switch|p2a: Blissey|Blissey, F|631/688
|move|p1a: Quagsire|Earthquake|p2a: Blissey
|-damage|p2a: Blissey|450/688
|
|-heal|p2a: Blissey|493/688|[from] item: Leftovers
|-heal|p1a: Quagsire|359/393|[from] item: Leftovers
|turn|151
|chat|Stone_Cold22|lol
|chat|Valentine|nah
|chat|Valentine|http://i.imgur.com/MBLvpS5.png
|chat|Stone_Cold22|o
|chat|Imanalt|running out of aromatherapies woudl take fucking forever
|
|switch|p2a: Clefable|Clefable, M|394/394
|switch|p1a: Chansey|Chansey, F|416/660
|
|turn|152
|chat|blarajan|what does big clefable do
|
|switch|p2a: Nidoqueen|Nidoqueen, F|304/384
|move|p1a: Chansey|Toxic|p2a: Nidoqueen
|-fail|p2a: Nidoqueen
|
|-heal|p2a: Nidoqueen|328/384|[from] item: Leftovers
|turn|153
|chat|blarajan|let us see
|chat|blarajan|nothing
|chat|myzozoa|it takes 2 pp just to get rid of 1 aromatherapy
|chat|blarajan|it does nothing
|chat|Imanalt|rofl 4 switches last 3 turns
|chat|myzozoa|so it isnt efficient
|chat|LonelyNess|lol
|chat|THE_IRON_KENYAN|this is worst than vertical videos
|
|switch|p2a: Gyarados|Gyarados, F|333/394
|-ability|p2a: Gyarados|Intimidate|[of] p1a: Chansey
|-unboost|p1a: Chansey|atk|1
|move|p1a: Chansey|Soft-Boiled|p1a: Chansey
|-heal|p1a: Chansey|660/660
|
|-heal|p2a: Gyarados|357/394|[from] item: Leftovers
|turn|154
|chat|THE_IRON_KENYAN|worse
|chat|Annoyer|clefable hasnt made a move yet
|
|switch|p1a: Quagsire|Quagsire, M|359/393
|move|p2a: Gyarados|Dragon Dance|p2a: Gyarados
|-boost|p2a: Gyarados|atk|1
|-boost|p2a: Gyarados|spe|1
|
|-heal|p2a: Gyarados|381/394|[from] item: Leftovers
|-heal|p1a: Quagsire|383/393|[from] item: Leftovers
|turn|155
|
|switch|p2a: Blissey|Blissey, F|493/688
|move|p1a: Quagsire|Scald|p2a: Blissey
|-damage|p2a: Blissey|445/688
|
|-heal|p2a: Blissey|488/688|[from] item: Leftovers
|-heal|p1a: Quagsire|393/393|[from] item: Leftovers
|turn|156
|chat|george182|whats the spl record, for turns?
|chat|jumpluff|700+
|chat|jumpluff|in gsc
|chat|LonelyNess|714
|chat|jumpluff|several times
|chat|Imanalt|well george182, theres gsc
|chat|LonelyNess|Colchonero vs. Floppy 
|chat|LonelyNess|and 
|chat|chieliee|this might very well break that
|
|move|p2a: Blissey|Seismic Toss|p1a: Quagsire
|-damage|p1a: Quagsire|293/393
|move|p1a: Quagsire|Toxic|p2a: Blissey|[miss]
|-miss|p1a: Quagsire|p2a: Blissey
|
|-heal|p2a: Blissey|531/688|[from] item: Leftovers
|-heal|p1a: Quagsire|317/393|[from] item: Leftovers
|turn|157
|chat|Stinson|gsc is brutal
|chat|LonelyNess|Colchonero vs. Earthworm 
|chat|LonelyNess|both were 714
|chat|Imanalt|nah i dont see this going more than about 450
|
|move|p2a: Blissey|Toxic|p1a: Quagsire
|-status|p1a: Quagsire|tox
|move|p1a: Quagsire|Recover|p1a: Quagsire
|-heal|p1a: Quagsire|393/393 tox
|
|-heal|p2a: Blissey|574/688|[from] item: Leftovers
|-damage|p1a: Quagsire|369/393 tox|[from] psn
|turn|158
|chat|jumpluff|floppy vs. conflict was quite high as well
|chat|Hugendugen|714?
|chat|jumpluff|also gsc
|
|switch|p2a: Abomasnow|Abomasnow, M|336/384
|-formechange|p2a: Abomasnow|Abomasnow-Mega
|-weather|Hail
|switch|p1a: Chansey|Chansey, F|660/660
|
|-weather|Hail|[upkeep]
|-damage|p1a: Chansey|619/660|[from] Hail
|turn|159
|chat|Hugendugen|didnt that get beat
|chat|LonelyNess|no Hugendugen
|chat|LonelyNess|it got tied
|
|move|p1a: Chansey|Aromatherapy|p1a: Chansey
|-cureteam|p1a: Chansey|[from] move: Aromatherapy
|move|p2a: Abomasnow|Wood Hammer|p1a: Chansey
|-damage|p1a: Chansey|339/660
|-damage|p2a: Abomasnow|244/384|[from] recoil|[of] p1a: Chansey
|
|-weather|Hail|[upkeep]
|-damage|p1a: Chansey|298/660|[from] Hail
|turn|160
|chat|THE_IRON_KENYAN|leech seed that moverfucker
|chat|Hugendugen|ah
|chat|LonelyNess|literally the same number of turns 
|chat|blarajan|ABOMASNOW
|chat|myzozoa|damage
|chat|LonelyNess|it was pretty funny 
|chat|THE_IRON_KENYAN|weeed hammer
|chat|Imanalt|PLAYS
|chat|Laga|ah the wood hammer
|chat|Hugendugen|lol
|
|switch|p1a: Heatran|Heatran, M|385/385
|move|p2a: Abomasnow|Leech Seed|p1a: Heatran
|-start|p1a: Heatran|move: Leech Seed
|
|-weather|Hail|[upkeep]
|-damage|p1a: Heatran|361/385|[from] Hail
|-heal|p1a: Heatran|385/385|[from] item: Leftovers
|-damage|p1a: Heatran|337/385|[from] Leech Seed|[of] p2a: Abomasnow
|-heal|p2a: Abomasnow|292/384|[silent]
|turn|161
|chat|dekzeh|big damage
|chat|THE_IRON_KENYAN|another play
|
|switch|p2a: Nidoqueen|Nidoqueen, F|328/384
|move|p1a: Heatran|Stealth Rock|p2a: Nidoqueen
|-sidestart|p2: Lady bug|move: Stealth Rock
|
|-weather|Hail|[upkeep]
|-damage|p1a: Heatran|313/385|[from] Hail
|-damage|p2a: Nidoqueen|304/384|[from] Hail
|-heal|p1a: Heatran|337/385|[from] item: Leftovers
|-heal|p2a: Nidoqueen|328/384|[from] item: Leftovers
|-damage|p1a: Heatran|289/385|[from] Leech Seed|[of] p2a: Nidoqueen
|-heal|p2a: Nidoqueen|376/384|[silent]
|turn|162
|chat|OU Mew|play time
|chat|jumpluff|does nobody else find the intricateness of hard stall games entrancing
|
|switch|p1a: Chansey|Chansey, F|298/660
|move|p2a: Nidoqueen|Toxic Spikes|p1a: Chansey
|-sidestart|p1: Lord Elyis|move: Toxic Spikes
|
|-weather|none
|-heal|p2a: Nidoqueen|384/384|[from] item: Leftovers
|turn|163
|chat|Imanalt|lol
|chat|Pwnemon|the switch to skarm is real
|chat|Pwnemon|nope
|chat|jumpluff|its like theyre actually battling on top of an icy mountain
|chat|blarajan|NO
|chat|Pwnemon|weak
|chat|jumpluff|enduring the elements
|chat|jdarden|lol
|chat|jumpluff|he who focuses less loses
|chat|THE_IRON_KENYAN|plays like this, is what makes stall able to stand
|
|switch|p2a: Skarmory|Skarmory, M|289/334
|-damage|p2a: Skarmory|248/334|[from] Stealth Rock
|move|p1a: Chansey|Soft-Boiled|p1a: Chansey
|-heal|p1a: Chansey|628/660
|
|turn|164
|chat|THE_IRON_KENYAN|so nobody hands themself with their own waistband
|chat|Hugendugen|whoever reads more of the battle chat
|chat|Hugendugen|loses
|chat|jumpluff|lol
|
|switch|p1a: Skarmory|Skarmory, F|253/334
|move|p2a: Skarmory|Whirlwind|p1a: Skarmory
|drag|p1a: Heatran|Heatran, M|289/385
|
|-heal|p1a: Heatran|313/385|[from] item: Leftovers
|turn|165
|chat|myzozoa|lol
|chat|Soulgazer|nb
|chat|Imanalt|bh games are so mcuh more interesting because despite being the same length one turn can swing the game a lot more, so meh
|
|switch|p2a: Gyarados|Gyarados, F|381/394
|-damage|p2a: Gyarados|283/394|[from] Stealth Rock
|-ability|p2a: Gyarados|Intimidate|[of] p1a: Heatran
|-unboost|p1a: Heatran|atk|1
|move|p1a: Heatran|Lava Plume|p2a: Gyarados
|-resisted|p2a: Gyarados
|-damage|p2a: Gyarados|221/394
|
|-heal|p2a: Gyarados|245/394|[from] item: Leftovers
|-heal|p1a: Heatran|337/385|[from] item: Leftovers
|turn|166
|
|switch|p1a: Skarmory|Skarmory, F|253/334
|move|p2a: Gyarados|Earthquake|p1a: Skarmory
|-immune|p1a: Skarmory|[msg]
|
|-heal|p2a: Gyarados|269/394|[from] item: Leftovers
|-heal|p1a: Skarmory|273/334|[from] item: Leftovers
|turn|167
|
|move|p2a: Gyarados|Dragon Dance|p2a: Gyarados
|-boost|p2a: Gyarados|atk|1
|-boost|p2a: Gyarados|spe|1
|move|p1a: Skarmory|Whirlwind|p2a: Gyarados
|drag|p2a: Blissey|Blissey, F|574/688
|-damage|p2a: Blissey|488/688|[from] Stealth Rock
|
|-heal|p1a: Skarmory|293/334|[from] item: Leftovers
|-heal|p2a: Blissey|531/688|[from] item: Leftovers
|turn|168
|chat|the pdc show|lol
|
|move|p1a: Skarmory|Defog|p2a: Blissey
|-unboost|p2a: Blissey|evasion|1
|-sideend|p2: Lady bug|Stealth Rock|[from] move: Defog|[of] p2a: Blissey
|-sideend|p1: Lord Elyis|Toxic Spikes|[from] move: Defog|[of] p1a: Skarmory
|move|p2a: Blissey|Seismic Toss|p1a: Skarmory
|-damage|p1a: Skarmory|193/334
|
|-heal|p1a: Skarmory|213/334|[from] item: Leftovers
|-heal|p2a: Blissey|574/688|[from] item: Leftovers
|turn|169
|
|switch|p1a: Chansey|Chansey, F|628/660
|switch|p2a: Nidoqueen|Nidoqueen, F|384/384
|
|turn|170
|
|move|p2a: Nidoqueen|Toxic Spikes|p1a: Chansey
|-sidestart|p1: Lord Elyis|move: Toxic Spikes
|move|p1a: Chansey|Seismic Toss|p2a: Nidoqueen
|-damage|p2a: Nidoqueen|284/384
|
|-heal|p2a: Nidoqueen|308/384|[from] item: Leftovers
|turn|171
|
|switch|p1a: Venusaur|Venusaur, M|194/364
|-formechange|p1a: Venusaur|Venusaur-Mega
|-sideend|p1: Lord Elyis|move: Toxic Spikes|[of] p1a: Venusaur
|move|p2a: Nidoqueen|Flamethrower|p1a: Venusaur
|-supereffective|p1a: Venusaur
|-damage|p1a: Venusaur|144/364
|
|-heal|p2a: Nidoqueen|332/384|[from] item: Leftovers
|turn|172
|
|move|p2a: Nidoqueen|Flamethrower|p1a: Venusaur
|-crit|p1a: Venusaur
|-supereffective|p1a: Venusaur
|-damage|p1a: Venusaur|78/364
|move|p1a: Venusaur|Synthesis|p1a: Venusaur
|-heal|p1a: Venusaur|260/364
|
|-heal|p2a: Nidoqueen|356/384|[from] item: Leftovers
|turn|173
|chat|chieliee|no burn smh
|chat|THE_IRON_KENYAN|i thought that flamethrower was gonna KO
|chat|Annoyer|the crit
|chat|Laga|some day the brn will hapen
|chat|Pwnemon|bs crit
|chat|Soulgazer|crit mattered
|
|switch|p1a: Chansey|Chansey, F|628/660
|move|p2a: Nidoqueen|Toxic Spikes|p1a: Chansey
|-sidestart|p1: Lord Elyis|move: Toxic Spikes
|
|-heal|p2a: Nidoqueen|380/384|[from] item: Leftovers
|turn|174
|chat|Soulgazer|jk
|chat|Arcticblast|>crit
|chat|Arcticblast|>18%
|
|move|p2a: Nidoqueen|Flamethrower|p1a: Chansey
|-damage|p1a: Chansey|590/660
|move|p1a: Chansey|Seismic Toss|p2a: Nidoqueen
|-damage|p2a: Nidoqueen|280/384
|
|-heal|p2a: Nidoqueen|304/384|[from] item: Leftovers
|turn|175
|chat|Pwnemon|>super effective
|chat|Treecko|Laga: some day the brn will hapen
|chat|Hot N Cold|> using moves in this battle
|
|move|p2a: Nidoqueen|Flamethrower|p1a: Chansey
|-damage|p1a: Chansey|552/660
|move|p1a: Chansey|Seismic Toss|p2a: Nidoqueen
|-damage|p2a: Nidoqueen|204/384
|
|-heal|p2a: Nidoqueen|228/384|[from] item: Leftovers
|turn|176
|chat|Treecko|it's sheer force isn't it?
|chat|Arcticblast|but Pwnemon, Thick Fat
|chat|Joim|dat thick fat
|chat|Laga|wait
|chat|jdarden|yes
|chat|Laga|fuck
|chat|jdarden|lol
|chat|Treecko|lol
|chat|Pwnemon|hes jk treevko
|chat|chieliee|oh
|chat|THE_IRON_KENYAN|this is how all pokemon matches should be
|chat|Pwnemon|lol
|chat|chieliee|right
|
|switch|p2a: Skarmory|Skarmory, M|248/334
|move|p1a: Chansey|Seismic Toss|p2a: Skarmory
|-damage|p2a: Skarmory|148/334
|-damage|p1a: Chansey|442/660|[from] item: Rocky Helmet|[of] p2a: Skarmory
|
|turn|177
|chat|Pwnemon|or was he
|chat|Laga|damn that is lame
|chat|Pwnemon|thought he was
|chat|Joim|this is a true competition amongst minds
|
|switch|p1a: Skarmory|Skarmory, F|213/334
|move|p2a: Skarmory|Roost|p2a: Skarmory
|-heal|p2a: Skarmory|315/334
|
|-heal|p1a: Skarmory|233/334|[from] item: Leftovers
|turn|178
|chat|Stone_Cold22|lady bug
|
|switch|p2a: Nidoqueen|Nidoqueen, F|228/384
|move|p1a: Skarmory|Defog|p2a: Nidoqueen
|-unboost|p2a: Nidoqueen|evasion|1
|-sideend|p1: Lord Elyis|Toxic Spikes|[from] move: Defog|[of] p1a: Skarmory
|
|-heal|p2a: Nidoqueen|252/384|[from] item: Leftovers
|-heal|p1a: Skarmory|253/334|[from] item: Leftovers
|turn|179
|chat|Treecko|this actually is really fun to watch ngl
|chat|Arcticblast|and bladders, Joim
|chat|Stone_Cold22|r u arab?
|chat|Arcticblast|he who pisses first loses
|chat|Pwnemon|and caffiene supplements
|
|switch|p1a: Chansey|Chansey, F|442/660
|move|p2a: Nidoqueen|Toxic Spikes|p1a: Chansey
|-sidestart|p1: Lord Elyis|move: Toxic Spikes
|
|-heal|p2a: Nidoqueen|276/384|[from] item: Leftovers
|turn|180
|chat|Laga|yeah the activity
|chat|Laga|is sexy
|chat|PttP|who shall choke on the dick of shame first
|
|switch|p2a: Clefable|Clefable, M|394/394
|move|p1a: Chansey|Soft-Boiled|p1a: Chansey
|-heal|p1a: Chansey|660/660
|
|turn|181
|chat|Laga|way better than 6 mins per turn
|chat|dekzeh|THE CLEFABLE IS HERE
|chat|Joim|ablast didn't you learn anything from south park
|
|switch|p2a: Skarmory|Skarmory, M|315/334
|switch|p1a: Heatran|Heatran, M|337/385
|
|-heal|p1a: Heatran|361/385|[from] item: Leftovers
|turn|182
|chat|THE_IRON_KENYAN|has clefable used 1 move yet
|chat|Pwnemon|way less than 6% per turn
|chat|blarajan|pttp i thought you kept the dick of shame in your room so no one else could choke on it
|chat|Soulgazer|ah
|chat|Laga|the clefable has left
|chat|Soulgazer|not bad
|
|switch|p2a: Gyarados|Gyarados, F|269/394
|-ability|p2a: Gyarados|Intimidate|[of] p1a: Heatran
|-unboost|p1a: Heatran|atk|1
|move|p1a: Heatran|Lava Plume|p2a: Gyarados
|-resisted|p2a: Gyarados
|-damage|p2a: Gyarados|212/394
|-status|p2a: Gyarados|brn
|
|-heal|p2a: Gyarados|236/394 brn|[from] item: Leftovers
|-heal|p1a: Heatran|385/385|[from] item: Leftovers
|-damage|p2a: Gyarados|187/394 brn|[from] brn
|turn|183
|chat|Joim|you can pee on your place
|chat|Pwnemon|lol blara
|chat|THE_IRON_KENYAN|the plays
|
|switch|p1a: Skarmory|Skarmory, F|253/334
|move|p2a: Gyarados|Earthquake|p1a: Skarmory
|-immune|p1a: Skarmory|[msg]
|
|-heal|p2a: Gyarados|211/394 brn|[from] item: Leftovers
|-heal|p1a: Skarmory|273/334|[from] item: Leftovers
|-damage|p2a: Gyarados|162/394 brn|[from] brn
|turn|184
|chat|Pwnemon|crit bb callin now
|
|move|p2a: Gyarados|Rest|p2a: Gyarados
|-status|p2a: Gyarados|slp
|-heal|p2a: Gyarados|394/394 slp|[silent]
|-status|p2a: Gyarados|slp|[from] move: Rest
|move|p1a: Skarmory|Defog|p2a: Gyarados
|-unboost|p2a: Gyarados|evasion|1
|-sideend|p1: Lord Elyis|Toxic Spikes|[from] move: Defog|[of] p1a: Skarmory
|
|-heal|p1a: Skarmory|293/334|[from] item: Leftovers
|turn|185
|chat|Stone_Cold22|scarf bb
|chat|Joim|defog is op
|
|switch|p2a: Nidoqueen|Nidoqueen, F|276/384
|switch|p1a: Quagsire|Quagsire, M|369/393
|
|-heal|p2a: Nidoqueen|300/384|[from] item: Leftovers
|-heal|p1a: Quagsire|393/393|[from] item: Leftovers
|turn|186
|chat|Pwnemon|that was not a bb
|chat|Pwnemon|:|
|chat|jumpluff|cowardly bird
|
|move|p2a: Nidoqueen|Sludge Wave|p1a: Quagsire
|-resisted|p1a: Quagsire
|-damage|p1a: Quagsire|318/393
|move|p1a: Quagsire|Scald|p2a: Nidoqueen
|-supereffective|p2a: Nidoqueen
|-damage|p2a: Nidoqueen|138/384
|-status|p2a: Nidoqueen|brn
|
|-heal|p2a: Nidoqueen|162/384 brn|[from] item: Leftovers
|-heal|p1a: Quagsire|342/393|[from] item: Leftovers
|-damage|p2a: Nidoqueen|114/384 brn|[from] brn
|turn|187
|chat|Soulgazer|ah
|chat|Hot N Cold|.
|chat|Laga|:O
|chat|blarajan|shit
|chat|THE_IRON_KENYAN|the plays
|chat|Soulgazer|not bad
|chat|jdarden|shiiit
|chat|Pwnemon|uh oh
|chat|Nachos|a turn of events.
|chat|Annoyer|first ko??
|chat|Pwnemon|no
|
|switch|p2a: Blissey|Blissey, F|574/688
|switch|p1a: Gliscor|Gliscor, M|275/353
|
|-heal|p2a: Blissey|617/688|[from] item: Leftovers
|-activate|p1a: Gliscor|item: Toxic Orb
|-status|p1a: Gliscor|tox
|turn|188
|chat|Pwnemon|lol
|chat|Joim|damn
|chat|Joim|poor nidoqueen
|chat|THE_IRON_KENYAN|ill bet you a hundred dollars clefairy has wish
|chat|Soulgazer|ah
|chat|Soulgazer|not bad
|chat|Soulgazer|Oo
|chat|Pwnemon|gyara can take gliscor all day
|chat|THE_IRON_KENYAN|wish protect ice pinch aroma
|
|switch|p1a: Heatran|Heatran, M|385/385
|switch|p2a: Gyarados|Gyarados, F|394/394 slp
|-ability|p2a: Gyarados|Intimidate|[of] p1a: Heatran
|-unboost|p1a: Heatran|atk|1
|
|turn|189
|
|switch|p1a: Quagsire|Quagsire, M|342/393
|cant|p2a: Gyarados|slp
|
|-heal|p1a: Quagsire|366/393|[from] item: Leftovers
|turn|190
|
|switch|p2a: Blissey|Blissey, F|617/688
|move|p1a: Quagsire|Scald|p2a: Blissey
|-damage|p2a: Blissey|566/688
|
|-heal|p2a: Blissey|609/688|[from] item: Leftovers
|-heal|p1a: Quagsire|390/393|[from] item: Leftovers
|turn|191
|chat|Laga|man this is going to get to 250 turns
|chat|Laga|without a single death isn't it
|chat|Pwnemon|y
|chat|blarajan|why are you still watching
|chat|blarajan|genuinely
|chat|blarajan|shut up
|
|move|p2a: Blissey|Aromatherapy|p2a: Blissey
|-cureteam|p2a: Blissey|[from] move: Aromatherapy
|move|p1a: Quagsire|Toxic|p2a: Blissey
|-status|p2a: Blissey|tox
|
|-heal|p2a: Blissey|652/688 tox|[from] item: Leftovers
|-heal|p1a: Quagsire|393/393|[from] item: Leftovers
|-damage|p2a: Blissey|609/688 tox|[from] psn
|turn|192
|chat|PttP|still faster than the NU / RU / Doubles games
|chat|Laga|blarajan why so mad
|chat|THE_IRON_KENYAN|still isnt as bad as LC right guys
|chat|THE_IRON_KENYAN|huehue
|chat|Pwnemon|doubles games are fast
|chat|Pwnemon|with jake
|chat|Biosci|because you guys
|
|switch|p1a: Gliscor|Gliscor, M|275/353 tox
|move|p2a: Blissey|Toxic|p1a: Gliscor|[miss]
|-miss|p2a: Blissey|p1a: Gliscor
|
|-heal|p2a: Blissey|652/688 tox|[from] item: Leftovers
|-heal|p1a: Gliscor|319/353 tox|[from] ability: Poison Heal
|-damage|p2a: Blissey|566/688 tox|[from] psn
|turn|193
|chat|Laga|did I ever say that I didn't enjoy watching
|chat|bro fist|still better than lc
|chat|Biosci|keep bitching
|chat|blarajan|huehue
|
|switch|p1a: Heatran|Heatran, M|385/385
|switch|p2a: Skarmory|Skarmory, M|315/334
|
|turn|194
|chat|Stone_Cold22|elyis
|chat|Stone_Cold22|it's 12:48 in lady bugs time zone
|
|switch|p2a: Gyarados|Gyarados, F|394/394
|-ability|p2a: Gyarados|Intimidate|[of] p1a: Heatran
|-unboost|p1a: Heatran|atk|1
|move|p1a: Heatran|Stealth Rock|p2a: Gyarados
|-sidestart|p2: Lady bug|move: Stealth Rock
|
|turn|195
|chat|Stone_Cold22|stall this out till the nigga has to go to bed
|
|switch|p1a: Skarmory|Skarmory, F|293/334
|move|p2a: Gyarados|Dragon Dance|p2a: Gyarados
|-boost|p2a: Gyarados|atk|1
|-boost|p2a: Gyarados|spe|1
|
|-heal|p1a: Skarmory|313/334|[from] item: Leftovers
|turn|196
|chat|Annoyer|lol
|chat|gr8astard|rofl
|chat|Stone_Cold22|it's like 1am there
|chat|Pwnemon|lol
|chat|gr8astard|what a veteran
|chat|jumpluff|does anyone remember what setrack did to rey
|
|move|p2a: Gyarados|Waterfall|p1a: Skarmory
|-damage|p1a: Skarmory|223/334
|cant|p1a: Skarmory|flinch
|
|-heal|p1a: Skarmory|243/334|[from] item: Leftovers
|turn|197
|chat|Stone_Cold22|mommy gonna be coming soon
|chat|Pwnemon|hes still playin better
|chat|Annoyer|strategy/
|chat|Pwnemon|sad
|chat|chimpact|uh oh
|chat|blarajan|LGIIIIIIIII
|
|move|p2a: Gyarados|Waterfall|p1a: Skarmory
|-damage|p1a: Skarmory|149/334
|move|p1a: Skarmory|Roost|p1a: Skarmory
|-heal|p1a: Skarmory|316/334
|
|-heal|p1a: Skarmory|334/334|[from] item: Leftovers
|turn|198
|chat|reyscarface|go for gold
|chat|THE_IRON_KENYAN|that gyarados is playing angry
|chat|Joim|outplayed
|chat|reyscarface|no gold
|chat|Soulgazer|blara
|chat|Soulgazer|im here
|
|move|p2a: Gyarados|Waterfall|p1a: Skarmory
|-damage|p1a: Skarmory|240/334
|move|p1a: Skarmory|Whirlwind|p2a: Gyarados
|drag|p2a: Nidoqueen|Nidoqueen, F|114/384
|-damage|p2a: Nidoqueen|90/384|[from] Stealth Rock
|
|-heal|p2a: Nidoqueen|114/384|[from] item: Leftovers
|-heal|p1a: Skarmory|260/334|[from] item: Leftovers
|turn|199
|chat|Soulgazer|he wont flinch to death
|chat|jumpluff|rey do you remembre
|chat|Soulgazer|*-*
|chat|jumpluff|the setrack incident
|chat|Aqualouis|o
|chat|reyscarface|yes what a cunt
|
|switch|p1a: Quagsire|Quagsire, M|393/393
|move|p2a: Nidoqueen|Flamethrower|p1a: Quagsire
|-resisted|p1a: Quagsire
|-damage|p1a: Quagsire|346/393
|
|-heal|p2a: Nidoqueen|138/384|[from] item: Leftovers
|-heal|p1a: Quagsire|370/393|[from] item: Leftovers
|turn|200
|chat|Aqualouis|we can play gsc on PO 
|chat|jumpluff|indeed
|chat|Aqualouis|i didnt know
|chat|OU Mew|no burn hax
|
|switch|p2a: Skarmory|Skarmory, M|315/334
|-damage|p2a: Skarmory|274/334|[from] Stealth Rock
|move|p1a: Quagsire|Scald|p2a: Skarmory
|-damage|p2a: Skarmory|187/334
|
|-heal|p1a: Quagsire|393/393|[from] item: Leftovers
|turn|201
|chat|Soulgazer|mew,,
|chat|Soulgazer|sheer force
|chat|LonelyNess|it's sheer force you morans there is no burn / poison hax
|
|move|p2a: Skarmory|Defog|p1a: Quagsire
|-unboost|p1a: Quagsire|evasion|1
|-sideend|p2: Lady bug|Stealth Rock|[from] move: Defog|[of] p2a: Skarmory
|move|p1a: Quagsire|Scald|p2a: Skarmory
|-damage|p2a: Skarmory|112/334
|-status|p2a: Skarmory|brn
|
|-damage|p2a: Skarmory|71/334 brn|[from] brn
|turn|202
|chat|OU Mew|hax
|chat|chieliee|who is setrack
|chat|Soulgazer|,,
|chat|Soulgazer|ah
|chat|Soulgazer|nb
|chat|Soulgazer|n_n
|chat|Stone_Cold22|the legend
|chat|chimpact|ouch
|
|switch|p2a: Abomasnow|Abomasnow, M|292/384
|-formechange|p2a: Abomasnow|Abomasnow-Mega
|-weather|Hail
|move|p1a: Quagsire|Earthquake|p2a: Abomasnow
|-resisted|p2a: Abomasnow
|-damage|p2a: Abomasnow|247/384
|
|-weather|Hail|[upkeep]
|-damage|p1a: Quagsire|369/393|[from] Hail
|-heal|p1a: Quagsire|393/393|[from] item: Leftovers
|turn|203
|chat|jumpluff|the ultimate proponent of playing to win
|chat|blarajan|no burn hax huh lonelyness
|chat|THE_IRON_KENYAN|i remember setrack
|chat|jumpluff|the cacturne boss
|chat|LonelyNess|YOU KNOW WHAT I MEANT BLARA
|chat|jumpluff|once he deliberately exploited shoddy to timer stall rey out because rey had to go to bed
|chat|Pwnemon|show the eq
|
|switch|p1a: Heatran|Heatran, M|385/385
|switch|p2a: Gyarados|Gyarados, F|394/394
|-ability|p2a: Gyarados|Intimidate|[of] p1a: Heatran
|-unboost|p1a: Heatran|atk|1
|
|-weather|Hail|[upkeep]
|-damage|p2a: Gyarados|370/394|[from] Hail
|-damage|p1a: Heatran|361/385|[from] Hail
|-heal|p2a: Gyarados|394/394|[from] item: Leftovers
|-heal|p1a: Heatran|385/385|[from] item: Leftovers
|turn|204
|chat|jumpluff|i forget what the TDs ruled on that one
|chat|jumpluff|i think they ruled in rey's favour
|chat|reyscarface|they gave me win and banned setrack
|
|switch|p2a: Blissey|Blissey, F|566/688
|switch|p1a: Quagsire|Quagsire, M|393/393
|
|-weather|Hail|[upkeep]
|-damage|p2a: Blissey|523/688|[from] Hail
|-damage|p1a: Quagsire|369/393|[from] Hail
|-heal|p2a: Blissey|566/688|[from] item: Leftovers
|-heal|p1a: Quagsire|393/393|[from] item: Leftovers
|turn|205
|chat|Pwnemon|lol
|chat|jumpluff|ah lol
|chat|THE_IRON_KENYAN|what is reys bed time 8 
|chat|OU Mew|no byrn
|chat|jumpluff|everyone was like yo go to bed the TDs will give you the win
|
|move|p2a: Blissey|Aromatherapy|p2a: Blissey
|-cureteam|p2a: Blissey|[from] move: Aromatherapy
|move|p1a: Quagsire|Toxic|p2a: Blissey
|-status|p2a: Blissey|tox
|
|-weather|Hail|[upkeep]
|-damage|p2a: Blissey|523/688 tox|[from] Hail
|-damage|p1a: Quagsire|369/393|[from] Hail
|-heal|p2a: Blissey|566/688 tox|[from] item: Leftovers
|-heal|p1a: Quagsire|393/393|[from] item: Leftovers
|-damage|p2a: Blissey|523/688 tox|[from] psn
|turn|206
|chat|blarajan|[15:50] <@Aqualouis> is it xy ?
|chat|jumpluff|but rey was refusing to give in for awhile
|chat|blarajan|lol
|chat|blarajan|aqualouis couldn't tell this was xy
|chat|jumpluff|man it feels weird to talk about timer glitches nowadays
|
|switch|p2a: Gyarados|Gyarados, F|394/394
|-ability|p2a: Gyarados|Intimidate|[of] p1a: Quagsire
|-unboost|p1a: Quagsire|atk|1
|move|p1a: Quagsire|Earthquake|p2a: Gyarados
|-immune|p2a: Gyarados|[msg]
|
|-weather|none
|turn|207
|chat|reyscarface|well kenyan i was 14 back then
|chat|blarajan|until he saw mega aboma
|chat|reyscarface|and it was 2 am or something
|chat|Pwnemon|lol
|chat|jumpluff|you could just stall people infinitely then
|
|switch|p2a: Clefable|Clefable, M|394/394
|move|p1a: Quagsire|Scald|p2a: Clefable
|-damage|p2a: Clefable|327/394
|
|-heal|p2a: Clefable|351/394|[from] item: Leftovers
|turn|208
|chat|jumpluff|due to shoddy being bugged
|chat|Annoyer|clef
|chat|Soulgazer|fable
|chat|Pwnemon|CLEFABLE
|chat|THE_IRON_KENYAN|shoddy battle was a great place 
|
|switch|p1a: Heatran|Heatran, M|385/385
|move|p2a: Clefable|Wish|p2a: Clefable
|
|-heal|p2a: Clefable|375/394|[from] item: Leftovers
|turn|209
|chat|Pwnemon|time for wish
|chat|jumpluff|that was like the main thing mods had to deal with
|chat|THE_IRON_KENYAN|I KNEW IT
|chat|Annoyer|nooo
|chat|OU Mew|YES
|chat|Pwnemon|lol
|
|switch|p2a: Gyarados|Gyarados, F|394/394
|-ability|p2a: Gyarados|Intimidate|[of] p1a: Heatran
|-unboost|p1a: Heatran|atk|1
|move|p1a: Heatran|Roar|p2a: Gyarados
|drag|p2a: Clefable|Clefable, M|375/394
|
|-heal|p2a: Clefable|394/394|[from] move: Wish|[wisher] Clefable
|turn|210
|chat|blarajan|DANG
|chat|Pwnemon|aw
|chat|Soulgazer|ah not bad
|chat|Nachos|lol
|chat|reyscarface|damn BS
|chat|jumpluff|ouchhhh
|chat|THE_IRON_KENYAN|BACK TO CLEFABE
|
|move|p1a: Heatran|Stealth Rock|p2a: Clefable
|-sidestart|p2: Lady bug|move: Stealth Rock
|move|p2a: Clefable|Wish|p2a: Clefable
|
|turn|211
|chat|Soulgazer|2ez
|chat|Pwnemon|we had a 1/3
|
|move|p1a: Heatran|Lava Plume|p2a: Clefable
|-damage|p2a: Clefable|276/394
|move|p2a: Clefable|Calm Mind|p2a: Clefable
|-boost|p2a: Clefable|spa|1
|-boost|p2a: Clefable|spd|1
|
|-heal|p2a: Clefable|394/394|[from] move: Wish|[wisher] Clefable
|turn|212
|chat|Annoyer|getting it
|chat|Laga|:O
|chat|Pwnemon|yes
|
|move|p2a: Clefable|Wish|p2a: Clefable
|move|p1a: Heatran|Roar|p2a: Clefable
|drag|p2a: Skarmory|Skarmory, M|71/334
|-damage|p2a: Skarmory|30/334|[from] Stealth Rock
|
|turn|213
|chat|LonelyNess|HE'S GOING FOR IT
|chat|Soulgazer|ah the set
|chat|OU Mew|no burn hax
|chat|SoulWind|LOL
|chat|Pwnemon|oh god
|chat|chieliee|uh oh
|chat|Soulgazer|hello skarm
|chat|PttP|went for it
|chat|SoulWind|there it is
|chat|SoulWind|first kill
|chat|reyscarface|das some bs
|chat|Soulgazer|LOL
|chat|Annoyer|protect
|chat|Sapientia|protect if real
|chat|Pwnemon|game over
|chat|Pwnemon|shit
|chat|Joim|wow
|chat|Afro Smash|:]
|chat|reyscarface|ya this shits gonna be gay
|chat|Nachos|:]
|chat|Soulgazer|:]
|chat|reyscarface|#notworth
|chat|Stone_Cold22|the legend
|chat|Stone_Cold22|#worth
|chat|Joim|that roar
|chat|Arcticblast|even if he had Protect it wouldn't work, Roar bypasses it
|chat|Soulgazer|amazing play
|chat|Arcticblast|in gen 6
|chat|Nachos|that was a yung roar
|chat|Joim|but wish
|chat|blarajan|yes because he's going to roar now
|chat|Laga|ablast if he roosts on a roar
|chat|chieliee|if he keeps it alive he can force the oppo to not defog yn
|
|switch|p2a: Gyarados|Gyarados, F|394/394
|-damage|p2a: Gyarados|296/394|[from] Stealth Rock
|-ability|p2a: Gyarados|Intimidate|[of] p1a: Heatran
|-unboost|p1a: Heatran|atk|1
|move|p1a: Heatran|Lava Plume|p2a: Gyarados
|-resisted|p2a: Gyarados
|-damage|p2a: Gyarados|237/394
|-status|p2a: Gyarados|brn
|
|-heal|p2a: Gyarados|394/394 brn|[from] move: Wish|[wisher] Clefable
|-damage|p2a: Gyarados|345/394 brn|[from] brn
|turn|214
|chat|Arcticblast|true
|chat|Soulgazer|chielee stop ghosting in chat
|chat|PttP|should have roared
|chat|Pwnemon|oo chielee is geniius
|chat|Afro Smash|based elyis
|chat|Soulgazer|and nice hburn
|chat|Laga|but that would be dumb
|chat|PttP|1/5th cahnce
|chat|Soulgazer|:D
|chat|PttP|of getting skarm
|chat|PttP|take.
|
|switch|p2a: Nidoqueen|Nidoqueen, F|138/384
|-damage|p2a: Nidoqueen|114/384|[from] Stealth Rock
|switch|p1a: Quagsire|Quagsire, M|393/393
|
|-heal|p2a: Nidoqueen|138/384|[from] item: Leftovers
|turn|215
|chat|Soulgazer|nice switch
|chat|Arcticblast|well Skarm is dead no questions asked
|chat|Soulgazer|Oo
|chat|Soulgazer|oO
|
|switch|p2a: Blissey|Blissey, F|523/688
|-damage|p2a: Blissey|437/688|[from] Stealth Rock
|move|p1a: Quagsire|Scald|p2a: Blissey
|-damage|p2a: Blissey|394/688
|
|-heal|p2a: Blissey|437/688|[from] item: Leftovers
|turn|216
|chat|THE_IRON_KENYAN|im gonna guess the nidoqueen has rapid spin tbh
|chat|Afro Smash|not is he forces elyis to defog
|chat|Arcticblast|true
|
|switch|p1a: Gliscor|Gliscor, M|319/353 tox
|move|p2a: Blissey|Soft-Boiled|p2a: Blissey
|-heal|p2a: Blissey|688/688
|
|-heal|p1a: Gliscor|353/353 tox|[from] ability: Poison Heal
|turn|217
|chat|Arcticblast|yes TIK
|chat|chieliee|yeah but idk how that is gonna happen
|chat|Arcticblast|Rapid Spin Nidoqueen
|chat|Pwnemon|lol
|chat|Arcticblast|new
|chat|chieliee|he has no sr weak mons
|chat|Arcticblast|meta
|
|move|p1a: Gliscor|Toxic|p2a: Blissey
|-status|p2a: Blissey|tox
|move|p2a: Blissey|Aromatherapy|p2a: Blissey
|-cureteam|p2a: Blissey|[from] move: Aromatherapy
|
|turn|218
|chat|Pwnemon|lol
|chat|chieliee|and can get rid of tspikes with venu
|
|move|p1a: Gliscor|Earthquake|p2a: Blissey
|-damage|p2a: Blissey|475/688
|move|p2a: Blissey|Seismic Toss|p1a: Gliscor
|-damage|p1a: Gliscor|253/353 tox
|
|-heal|p2a: Blissey|518/688|[from] item: Leftovers
|-heal|p1a: Gliscor|297/353 tox|[from] ability: Poison Heal
|turn|219
|chat|Stone_Cold22|NICE PREDIC
|chat|Soulgazer|was it worth
|
|move|p1a: Gliscor|Toxic|p2a: Blissey
|-status|p2a: Blissey|tox
|move|p2a: Blissey|Seismic Toss|p1a: Gliscor
|-damage|p1a: Gliscor|197/353 tox
|
|-heal|p2a: Blissey|561/688 tox|[from] item: Leftovers
|-heal|p1a: Gliscor|241/353 tox|[from] ability: Poison Heal
|-damage|p2a: Blissey|518/688 tox|[from] psn
|turn|220
|
|switch|p2a: Gyarados|Gyarados, F|345/394
|-damage|p2a: Gyarados|247/394|[from] Stealth Rock
|-ability|p2a: Gyarados|Intimidate|[of] p1a: Gliscor
|-unboost|p1a: Gliscor|atk|1
|move|p1a: Gliscor|Earthquake|p2a: Gyarados
|-immune|p2a: Gyarados|[msg]
|
|-heal|p2a: Gyarados|271/394|[from] item: Leftovers
|-heal|p1a: Gliscor|285/353 tox|[from] ability: Poison Heal
|turn|221
|
|switch|p1a: Quagsire|Quagsire, M|393/393
|move|p2a: Gyarados|Dragon Dance|p2a: Gyarados
|-boost|p2a: Gyarados|atk|1
|-boost|p2a: Gyarados|spe|1
|
|-heal|p2a: Gyarados|295/394|[from] item: Leftovers
|turn|222
|chat|OU Mew|222
|
|move|p2a: Gyarados|Rest|p2a: Gyarados
|-status|p2a: Gyarados|slp
|-heal|p2a: Gyarados|394/394 slp|[silent]
|-status|p2a: Gyarados|slp|[from] move: Rest
|move|p1a: Quagsire|Scald|p2a: Gyarados
|-resisted|p2a: Gyarados
|-damage|p2a: Gyarados|361/394 slp
|
|-heal|p2a: Gyarados|385/394 slp|[from] item: Leftovers
|turn|223
|chat|Soulgazer|gratz for informing us mew
|
|switch|p1a: Skarmory|Skarmory, F|260/334
|cant|p2a: Gyarados|slp
|
|-heal|p2a: Gyarados|394/394 slp|[from] item: Leftovers
|-heal|p1a: Skarmory|280/334|[from] item: Leftovers
|turn|224
|
|cant|p2a: Gyarados|slp
|move|p1a: Skarmory|Whirlwind|p2a: Gyarados
|drag|p2a: Blissey|Blissey, F|518/688
|-damage|p2a: Blissey|432/688|[from] Stealth Rock
|
|-heal|p1a: Skarmory|300/334|[from] item: Leftovers
|-heal|p2a: Blissey|475/688|[from] item: Leftovers
|turn|225
|chat|chieliee|no skarm!
|
|move|p1a: Skarmory|Brave Bird|p2a: Blissey
|-damage|p2a: Blissey|253/688
|-damage|p1a: Skarmory|227/334|[from] recoil|[of] p2a: Blissey
|move|p2a: Blissey|Seismic Toss|p1a: Skarmory
|-damage|p1a: Skarmory|127/334
|
|-heal|p1a: Skarmory|147/334|[from] item: Leftovers
|-heal|p2a: Blissey|296/688|[from] item: Leftovers
|turn|226
|
|move|p1a: Skarmory|Roost|p1a: Skarmory
|-heal|p1a: Skarmory|314/334
|move|p2a: Blissey|Soft-Boiled|p2a: Blissey
|-heal|p2a: Blissey|640/688
|
|-heal|p1a: Skarmory|334/334|[from] item: Leftovers
|-heal|p2a: Blissey|683/688|[from] item: Leftovers
|turn|227
|chat|THE_IRON_KENYAN|id have used flamethrower tbh
|chat|Pwnemon|never skarm .trl
|chat|jumpluff|i hate the spelling change
|
|switch|p1a: Chansey|Chansey, F|660/660
|switch|p2a: Gyarados|Gyarados, F|394/394 slp
|-damage|p2a: Gyarados|296/394 slp|[from] Stealth Rock
|-ability|p2a: Gyarados|Intimidate|[of] p1a: Chansey
|-unboost|p1a: Chansey|atk|1
|
|-heal|p2a: Gyarados|320/394 slp|[from] item: Leftovers
|turn|228
|
|switch|p1a: Quagsire|Quagsire, M|393/393
|-curestatus|p2a: Gyarados|slp
|move|p2a: Gyarados|Dragon Dance|p2a: Gyarados
|-boost|p2a: Gyarados|atk|1
|-boost|p2a: Gyarados|spe|1
|
|-heal|p2a: Gyarados|344/394|[from] item: Leftovers
|turn|229
|
|move|p2a: Gyarados|Dragon Dance|p2a: Gyarados
|-boost|p2a: Gyarados|atk|1
|-boost|p2a: Gyarados|spe|1
|move|p1a: Quagsire|Scald|p2a: Gyarados
|-resisted|p2a: Gyarados
|-damage|p2a: Gyarados|313/394
|-status|p2a: Gyarados|brn
|
|-heal|p2a: Gyarados|337/394 brn|[from] item: Leftovers
|-damage|p2a: Gyarados|288/394 brn|[from] brn
|turn|230
|chat|Soulgazer|nb
|chat|Arcticblast|turn 230
|
|move|p2a: Gyarados|Waterfall|p1a: Quagsire
|-damage|p1a: Quagsire|342/393
|move|p1a: Quagsire|Toxic|p2a: Gyarados
|-fail|p2a: Gyarados
|
|-heal|p2a: Gyarados|312/394 brn|[from] item: Leftovers
|-heal|p1a: Quagsire|366/393|[from] item: Leftovers
|-damage|p2a: Gyarados|263/394 brn|[from] brn
|turn|231
|chat|blarajan|solid dommage
|
|move|p2a: Gyarados|Rest|p2a: Gyarados
|-status|p2a: Gyarados|slp
|-heal|p2a: Gyarados|394/394 slp|[silent]
|-status|p2a: Gyarados|slp|[from] move: Rest
|move|p1a: Quagsire|Scald|p2a: Gyarados
|-resisted|p2a: Gyarados
|-damage|p2a: Gyarados|359/394 slp
|
|-heal|p2a: Gyarados|383/394 slp|[from] item: Leftovers
|-heal|p1a: Quagsire|390/393|[from] item: Leftovers
|turn|232
|chat|Pwnemon|lol
|chat|Afro Smash|wheres the water absorb
|chat|Soulgazer|amazing domage
|
|switch|p2a: Clefable|Clefable, M|394/394
|-damage|p2a: Clefable|345/394|[from] Stealth Rock
|switch|p1a: Skarmory|Skarmory, F|334/334
|
|-heal|p2a: Clefable|369/394|[from] item: Leftovers
|turn|233
|
|move|p2a: Clefable|Wish|p2a: Clefable
|move|p1a: Skarmory|Whirlwind|p2a: Clefable
|drag|p2a: Abomasnow|Abomasnow, M|247/384
|-formechange|p2a: Abomasnow|Abomasnow-Mega
|-damage|p2a: Abomasnow|151/384|[from] Stealth Rock
|-weather|Hail
|
|-weather|Hail|[upkeep]
|-damage|p1a: Skarmory|314/334|[from] Hail
|-heal|p1a: Skarmory|334/334|[from] item: Leftovers
|turn|234
|
|move|p2a: Abomasnow|Protect|p2a: Abomasnow
|-singleturn|p2a: Abomasnow|Protect
|move|p1a: Skarmory|Brave Bird|p2a: Abomasnow
|-activate|p2a: Abomasnow|Protect
|
|-weather|Hail|[upkeep]
|-damage|p1a: Skarmory|314/334|[from] Hail
|-heal|p2a: Abomasnow|348/384|[from] move: Wish|[wisher] Clefable
|-heal|p1a: Skarmory|334/334|[from] item: Leftovers
|turn|235
|chat|THE_IRON_KENYAN|blizzard?
|
|switch|p1a: Heatran|Heatran, M|385/385
|move|p2a: Abomasnow|Leech Seed|p1a: Heatran
|-start|p1a: Heatran|move: Leech Seed
|
|-weather|Hail|[upkeep]
|-damage|p1a: Heatran|361/385|[from] Hail
|-heal|p1a: Heatran|385/385|[from] item: Leftovers
|-damage|p1a: Heatran|337/385|[from] Leech Seed|[of] p2a: Abomasnow
|-heal|p2a: Abomasnow|384/384|[silent]
|turn|236
|chat|Stone_Cold22|nice predic lady bug!
|chat|Pwnemon|place
|chat|THE_IRON_KENYAN|seed
|
|move|p2a: Abomasnow|Protect|p2a: Abomasnow
|-singleturn|p2a: Abomasnow|Protect
|move|p1a: Heatran|Roar|p2a: Abomasnow
|drag|p2a: Gyarados|Gyarados, F|383/394 slp
|-damage|p2a: Gyarados|285/394 slp|[from] Stealth Rock
|-ability|p2a: Gyarados|Intimidate|[of] p1a: Heatran
|-unboost|p1a: Heatran|atk|1
|
|-weather|Hail|[upkeep]
|-damage|p2a: Gyarados|261/394 slp|[from] Hail
|-damage|p1a: Heatran|313/385|[from] Hail
|-heal|p2a: Gyarados|285/394 slp|[from] item: Leftovers
|-heal|p1a: Heatran|337/385|[from] item: Leftovers
|-damage|p1a: Heatran|289/385|[from] Leech Seed|[of] p2a: Gyarados
|-heal|p2a: Gyarados|333/394 slp|[silent]
|turn|237
|chat|Lady bug|huh
|chat|PttP|those damn 6th gen mechanics
|chat|Texas Cloverleaf|new mech
|chat|Treecko|goes through protect now lol
|chat|blarajan|protect doesn't block roar
|chat|Soulgazer|lovely mechs
|chat|Lady bug|i see
|
|switch|p2a: Clefable|Clefable, M|369/394
|-damage|p2a: Clefable|320/394|[from] Stealth Rock
|switch|p1a: Quagsire|Quagsire, M|390/393
|
|-weather|none
|-heal|p2a: Clefable|344/394|[from] item: Leftovers
|-heal|p1a: Quagsire|393/393|[from] item: Leftovers
|turn|238
|
|move|p2a: Clefable|Protect|p2a: Clefable
|-singleturn|p2a: Clefable|Protect
|move|p1a: Quagsire|Toxic|p2a: Clefable
|-activate|p2a: Clefable|Protect
|
|-heal|p2a: Clefable|368/394|[from] item: Leftovers
|turn|239
|
|move|p2a: Clefable|Wish|p2a: Clefable
|move|p1a: Quagsire|Toxic|p2a: Clefable
|-status|p2a: Clefable|tox
|
|-heal|p2a: Clefable|392/394 tox|[from] item: Leftovers
|-damage|p2a: Clefable|368/394 tox|[from] psn
|turn|240
|chat|Pwnemon|where is the eq
|chat|Pwnemon|on aboma
|chat|Pwnemon|:|
|
|switch|p2a: Abomasnow|Abomasnow, M|384/384
|-formechange|p2a: Abomasnow|Abomasnow-Mega
|-damage|p2a: Abomasnow|288/384|[from] Stealth Rock
|-weather|Hail
|move|p1a: Quagsire|Scald|p2a: Abomasnow
|-resisted|p2a: Abomasnow
|-damage|p2a: Abomasnow|258/384
|-status|p2a: Abomasnow|brn
|
|-weather|Hail|[upkeep]
|-damage|p1a: Quagsire|369/393|[from] Hail
|-heal|p2a: Abomasnow|384/384 brn|[from] move: Wish|[wisher] Clefable
|-heal|p1a: Quagsire|393/393|[from] item: Leftovers
|-damage|p2a: Abomasnow|336/384 brn|[from] brn
|turn|241
|chat|Arcticblast|it's revealed every move
|chat|Arcticblast|so nowhere
|chat|Soulgazer|ah
|chat|Soulgazer|not bad
|chat|Soulgazer|*-*
|chat|Pwnemon|9.9
|
|switch|p1a: Heatran|Heatran, M|289/385
|move|p2a: Abomasnow|Leech Seed|p1a: Heatran
|-start|p1a: Heatran|move: Leech Seed
|
|-weather|Hail|[upkeep]
|-damage|p1a: Heatran|265/385|[from] Hail
|-heal|p1a: Heatran|289/385|[from] item: Leftovers
|-damage|p1a: Heatran|241/385|[from] Leech Seed|[of] p2a: Abomasnow
|-heal|p2a: Abomasnow|384/384 brn|[silent]
|-damage|p2a: Abomasnow|336/384 brn|[from] brn
|turn|242
|
|switch|p1a: Chansey|Chansey, F|660/660
|switch|p2a: Blissey|Blissey, F|683/688
|-damage|p2a: Blissey|597/688|[from] Stealth Rock
|
|-weather|Hail|[upkeep]
|-damage|p2a: Blissey|554/688|[from] Hail
|-damage|p1a: Chansey|619/660|[from] Hail
|-heal|p2a: Blissey|597/688|[from] item: Leftovers
|turn|243
|
|move|p2a: Blissey|Aromatherapy|p2a: Blissey
|-cureteam|p2a: Blissey|[from] move: Aromatherapy
|move|p1a: Chansey|Toxic|p2a: Blissey
|-status|p2a: Blissey|tox
|
|-weather|Hail|[upkeep]
|-damage|p2a: Blissey|554/688 tox|[from] Hail
|-damage|p1a: Chansey|578/660|[from] Hail
|-heal|p2a: Blissey|597/688 tox|[from] item: Leftovers
|-damage|p2a: Blissey|554/688 tox|[from] psn
|turn|244
|chat|THE_IRON_KENYAN|arcticblast why arent i allowed to rap
|chat|Afro Smash|:]
|
|switch|p2a: Gyarados|Gyarados, F|333/394
|-damage|p2a: Gyarados|235/394|[from] Stealth Rock
|-ability|p2a: Gyarados|Intimidate|[of] p1a: Chansey
|-unboost|p1a: Chansey|atk|1
|move|p1a: Chansey|Seismic Toss|p2a: Gyarados
|-damage|p2a: Gyarados|135/394
|
|-weather|none
|-heal|p2a: Gyarados|159/394|[from] item: Leftovers
|turn|245
|chat|Arcticblast|this battle is a jazz piece
|chat|Arcticblast|no rapping
|
|switch|p1a: Quagsire|Quagsire, M|393/393
|move|p2a: Gyarados|Rest|p2a: Gyarados
|-status|p2a: Gyarados|slp
|-heal|p2a: Gyarados|394/394 slp|[silent]
|-status|p2a: Gyarados|slp|[from] move: Rest
|
|turn|246
|
|switch|p1a: Skarmory|Skarmory, F|334/334
|cant|p2a: Gyarados|slp
|
|turn|247
|chat|THE_IRON_KENYAN|http://www.youtube.com/watch?v=M4sEcIHG0Yc
|
|cant|p2a: Gyarados|slp
|move|p1a: Skarmory|Whirlwind|p2a: Gyarados
|drag|p2a: Clefable|Clefable, M|368/394
|-damage|p2a: Clefable|319/394|[from] Stealth Rock
|
|-heal|p2a: Clefable|343/394|[from] item: Leftovers
|turn|248
|
|switch|p1a: Heatran|Heatran, M|241/385
|move|p2a: Clefable|Calm Mind|p2a: Clefable
|-boost|p2a: Clefable|spa|1
|-boost|p2a: Clefable|spd|1
|
|-heal|p1a: Heatran|265/385|[from] item: Leftovers
|-heal|p2a: Clefable|367/394|[from] item: Leftovers
|turn|249
|chat|Treecko|oOOO)o0o0oo
|
|move|p2a: Clefable|Wish|p2a: Clefable
|move|p1a: Heatran|Roar|p2a: Clefable
|drag|p2a: Blissey|Blissey, F|554/688
|-damage|p2a: Blissey|468/688|[from] Stealth Rock
|
|-heal|p1a: Heatran|289/385|[from] item: Leftovers
|-heal|p2a: Blissey|511/688|[from] item: Leftovers
|turn|250
|
|switch|p2a: Gyarados|Gyarados, F|394/394 slp
|-damage|p2a: Gyarados|296/394 slp|[from] Stealth Rock
|-ability|p2a: Gyarados|Intimidate|[of] p1a: Heatran
|-unboost|p1a: Heatran|atk|1
|move|p1a: Heatran|Lava Plume|p2a: Gyarados
|-resisted|p2a: Gyarados
|-damage|p2a: Gyarados|236/394 slp
|
|-heal|p2a: Gyarados|394/394 slp|[from] move: Wish|[wisher] Clefable
|-heal|p1a: Heatran|313/385|[from] item: Leftovers
|turn|251
|
|switch|p1a: Quagsire|Quagsire, M|393/393
|-curestatus|p2a: Gyarados|slp
|move|p2a: Gyarados|Dragon Dance|p2a: Gyarados
|-boost|p2a: Gyarados|atk|1
|-boost|p2a: Gyarados|spe|1
|
|turn|252
|chat|MarceloDK|...
|
|move|p2a: Gyarados|Earthquake|p1a: Quagsire
|-damage|p1a: Quagsire|323/393
|move|p1a: Quagsire|Toxic|p2a: Gyarados
|-status|p2a: Gyarados|tox
|
|-heal|p1a: Quagsire|347/393|[from] item: Leftovers
|-damage|p2a: Gyarados|370/394 tox|[from] psn
|turn|253
|chat|chieliee|250 without death, technically speaking
|chat|chieliee|whoever predicted that was right
|chat|MarceloDK|how is this turn 251
|chat|jumpluff|laga
|chat|MarceloDK|with 12 pokemons
|
|move|p2a: Gyarados|Earthquake|p1a: Quagsire
|-crit|p1a: Quagsire
|-damage|p1a: Quagsire|241/393
|move|p1a: Quagsire|Earthquake|p2a: Gyarados
|-immune|p2a: Gyarados|[msg]
|
|-heal|p2a: Gyarados|394/394 tox|[from] item: Leftovers
|-heal|p1a: Quagsire|265/393|[from] item: Leftovers
|-damage|p2a: Gyarados|346/394 tox|[from] psn
|turn|254
|chat|Pwnemon|crit
|chat|Pwnemon|bs
|chat|MarceloDK|?_______________?
|chat|Soulgazer|quag eating it up
|
|move|p2a: Gyarados|Dragon Dance|p2a: Gyarados
|-boost|p2a: Gyarados|atk|1
|-boost|p2a: Gyarados|spe|1
|move|p1a: Quagsire|Recover|p1a: Quagsire
|-heal|p1a: Quagsire|393/393
|
|-heal|p2a: Gyarados|370/394 tox|[from] item: Leftovers
|-damage|p2a: Gyarados|298/394 tox|[from] psn
|turn|255
|chat|Hugendugen|http://youtubedoubler.com/?video1=AYw7eJYadco&start1=10&video2=HMnrl0tmd3k&start2=0&authorName=rainy+mood
|
|move|p2a: Gyarados|Waterfall|p1a: Quagsire
|-damage|p1a: Quagsire|300/393
|move|p1a: Quagsire|Scald|p2a: Gyarados
|-resisted|p2a: Gyarados
|-damage|p2a: Gyarados|266/394 tox
|
|-heal|p2a: Gyarados|290/394 tox|[from] item: Leftovers
|-heal|p1a: Quagsire|324/393|[from] item: Leftovers
|-damage|p2a: Gyarados|194/394 tox|[from] psn
|turn|256
|chat|Hot N Cold|preserve 6-6 imo
|chat|Pwnemon|lol
|
|move|p2a: Gyarados|Rest|p2a: Gyarados
|-status|p2a: Gyarados|slp
|-heal|p2a: Gyarados|394/394 slp|[silent]
|-status|p2a: Gyarados|slp|[from] move: Rest
|move|p1a: Quagsire|Earthquake|p2a: Gyarados
|-immune|p2a: Gyarados|[msg]
|
|-heal|p1a: Quagsire|348/393|[from] item: Leftovers
|turn|257
|chat|THE_IRON_KENYAN|why isnt gyara eating its chesto berry
|
|switch|p1a: Skarmory|Skarmory, F|334/334
|cant|p2a: Gyarados|slp
|
|turn|258
|
|cant|p2a: Gyarados|slp
|move|p1a: Skarmory|Whirlwind|p2a: Gyarados
|drag|p2a: Abomasnow|Abomasnow, M|336/384
|-formechange|p2a: Abomasnow|Abomasnow-Mega
|-damage|p2a: Abomasnow|240/384|[from] Stealth Rock
|-weather|Hail
|
|-weather|Hail|[upkeep]
|-damage|p1a: Skarmory|314/334|[from] Hail
|-heal|p1a: Skarmory|334/334|[from] item: Leftovers
|turn|259
|chat|Arcticblast|it only has the leftovers TIK
|chat|Biosci|it doesn't have any leftover
|chat|Stone_Cold22|TIK, don't reveal items plz. It's disrespectful
|
|move|p1a: Skarmory|Brave Bird|p2a: Abomasnow
|-supereffective|p2a: Abomasnow
|-damage|p2a: Abomasnow|0 fnt
|-damage|p1a: Skarmory|255/334|[from] recoil|[of] p2a: Abomasnow
|faint|p2a: Abomasnow
|
|-weather|Hail|[upkeep]
|-damage|p1a: Skarmory|235/334|[from] Hail
|-heal|p1a: Skarmory|255/334|[from] item: Leftovers
|chat|Arcticblast|FIRST BLOOD
|chat|jumpluff|nooo
|chat|Biosci|oooooo
|chat|Pwnemon|oh
|chat|jumpluff|the aboma
|chat|Annoyer|first ko.
|chat|chieliee|KILL
|chat|Nachos|Damn.
|chat|Pwnemon|shit
|chat|MarceloDK|ah 
|chat|Soulgazer|THE BLOOD
|
|switch|p2a: Gyarados|Gyarados, F|394/394 slp
|-damage|p2a: Gyarados|296/394 slp|[from] Stealth Rock
|-ability|p2a: Gyarados|Intimidate|[of] p1a: Skarmory
|-unboost|p1a: Skarmory|atk|1
|turn|260
|chat|Hot N Cold|No.
|chat|Hot N Cold|:(
|
|switch|p1a: Quagsire|Quagsire, M|348/393
|-curestatus|p2a: Gyarados|slp
|move|p2a: Gyarados|Dragon Dance|p2a: Gyarados
|-boost|p2a: Gyarados|atk|1
|-boost|p2a: Gyarados|spe|1
|
|-weather|Hail|[upkeep]
|-damage|p2a: Gyarados|272/394|[from] Hail
|-damage|p1a: Quagsire|324/393|[from] Hail
|-heal|p2a: Gyarados|296/394|[from] item: Leftovers
|-heal|p1a: Quagsire|348/393|[from] item: Leftovers
|turn|261
|chat|MarceloDK|lady bug bring a lot of skarm counters
|chat|MarceloDK|I see
|chat|Joim|damn...
|
|move|p2a: Gyarados|Rest|p2a: Gyarados
|-status|p2a: Gyarados|slp
|-heal|p2a: Gyarados|394/394 slp|[silent]
|-status|p2a: Gyarados|slp|[from] move: Rest
|move|p1a: Quagsire|Scald|p2a: Gyarados
|-resisted|p2a: Gyarados
|-damage|p2a: Gyarados|363/394 slp
|
|-weather|Hail|[upkeep]
|-damage|p2a: Gyarados|339/394 slp|[from] Hail
|-damage|p1a: Quagsire|324/393|[from] Hail
|-heal|p2a: Gyarados|363/394 slp|[from] item: Leftovers
|-heal|p1a: Quagsire|348/393|[from] item: Leftovers
|turn|262
|chat|Pwnemon|4-6
|chat|Pwnemon|can he pull out??
|chat|PKLaurel|Elyis is @lovely?
|
|switch|p1a: Skarmory|Skarmory, F|255/334
|cant|p2a: Gyarados|slp
|
|-weather|none
|-heal|p2a: Gyarados|387/394 slp|[from] item: Leftovers
|-heal|p1a: Skarmory|275/334|[from] item: Leftovers
|turn|263
|chat|chieliee|its technically still 5-6!
|
|cant|p2a: Gyarados|slp
|move|p1a: Skarmory|Whirlwind|p2a: Gyarados
|drag|p2a: Skarmory|Skarmory, M|30/334
|-damage|p2a: Skarmory|0 fnt|[from] Stealth Rock
|faint|p2a: Skarmory
|
|-heal|p1a: Skarmory|295/334|[from] item: Leftovers
|chat|Annoyer|nto aynmore
|chat|chieliee|ok
|chat|Stone_Cold22|ded
|chat|Pwnemon|not anymore
|chat|Laga|nice timing
|chat|chieliee|not anymore
|chat|IFM|ded
|chat|Treecko|o0o00000ooo
|chat|Joim|whirlwind and roar
|
|switch|p2a: Clefable|Clefable, M|367/394
|-damage|p2a: Clefable|318/394|[from] Stealth Rock
|turn|264
|chat|Joim|are cheating
|chat|Soulgazer|SECOND BLOOD
|
|switch|p1a: Chansey|Chansey, F|578/660
|move|p2a: Clefable|Wish|p2a: Clefable
|
|-heal|p2a: Clefable|342/394|[from] item: Leftovers
|turn|265
|chat|chieliee|shits going down
|chat|THE_IRON_KENYAN|ez
|chat|Pwnemon|does nido live stoss?????
|chat|Biosci|now you must kill the queen used by the king
|c|+PttP|!data nidoqueen
|c|~|/data-pokemon Nidoqueen

|chat|MarceloDK|n
|chat|PttP|n;
|
|switch|p2a: Nidoqueen|Nidoqueen, F|138/384
|-damage|p2a: Nidoqueen|114/384|[from] Stealth Rock
|move|p1a: Chansey|Seismic Toss|p2a: Nidoqueen
|-damage|p2a: Nidoqueen|14/384
|
|-heal|p2a: Nidoqueen|211/384|[from] move: Wish|[wisher] Clefable
|-heal|p2a: Nidoqueen|235/384|[from] item: Leftovers
|turn|266
|chat|chieliee|y
|chat|Pwnemon|liars
|chat|PttP|i was right
|
|switch|p2a: Blissey|Blissey, F|511/688
|-damage|p2a: Blissey|425/688|[from] Stealth Rock
|move|p1a: Chansey|Seismic Toss|p2a: Blissey
|-damage|p2a: Blissey|325/688
|
|-heal|p2a: Blissey|368/688|[from] item: Leftovers
|turn|267
|chat|MarceloDK|.trl
|
|move|p2a: Blissey|Toxic|p1a: Chansey
|-status|p1a: Chansey|tox
|move|p1a: Chansey|Toxic|p2a: Blissey
|-status|p2a: Blissey|tox
|
|-heal|p2a: Blissey|411/688 tox|[from] item: Leftovers
|-damage|p2a: Blissey|368/688 tox|[from] psn
|-damage|p1a: Chansey|537/660 tox|[from] psn
|turn|268
|chat|Hugendugen|what a toxic family relationship
|
|switch|p1a: Gliscor|Gliscor, M|285/353 tox
|move|p2a: Blissey|Soft-Boiled|p2a: Blissey
|-heal|p2a: Blissey|688/688 tox
|
|-heal|p1a: Gliscor|329/353 tox|[from] ability: Poison Heal
|-damage|p2a: Blissey|602/688 tox|[from] psn
|turn|269
|chat|PKLaurel|i see you hugen
|
|switch|p2a: Gyarados|Gyarados, F|387/394 slp
|-damage|p2a: Gyarados|289/394 slp|[from] Stealth Rock
|-ability|p2a: Gyarados|Intimidate|[of] p1a: Gliscor
|-unboost|p1a: Gliscor|atk|1
|move|p1a: Gliscor|Earthquake|p2a: Gyarados
|-immune|p2a: Gyarados|[msg]
|
|-heal|p2a: Gyarados|313/394 slp|[from] item: Leftovers
|-heal|p1a: Gliscor|353/353 tox|[from] ability: Poison Heal
|turn|270
|chat|Pwnemon|wow hugenwoody
|
|switch|p1a: Quagsire|Quagsire, M|348/393
|switch|p2a: Clefable|Clefable, M|342/394
|-damage|p2a: Clefable|293/394|[from] Stealth Rock
|
|-heal|p2a: Clefable|317/394|[from] item: Leftovers
|-heal|p1a: Quagsire|372/393|[from] item: Leftovers
|turn|271
|
|switch|p2a: Gyarados|Gyarados, F|313/394 slp
|-damage|p2a: Gyarados|215/394 slp|[from] Stealth Rock
|-ability|p2a: Gyarados|Intimidate|[of] p1a: Quagsire
|-unboost|p1a: Quagsire|atk|1
|move|p1a: Quagsire|Toxic|p2a: Gyarados
|-fail|p2a: Gyarados
|
|-heal|p2a: Gyarados|239/394 slp|[from] item: Leftovers
|-heal|p1a: Quagsire|393/393|[from] item: Leftovers
|turn|272
|
|-curestatus|p2a: Gyarados|slp
|move|p2a: Gyarados|Rest|p2a: Gyarados
|-status|p2a: Gyarados|slp
|-heal|p2a: Gyarados|394/394 slp|[silent]
|-status|p2a: Gyarados|slp|[from] move: Rest
|move|p1a: Quagsire|Scald|p2a: Gyarados
|-resisted|p2a: Gyarados
|-damage|p2a: Gyarados|364/394 slp
|
|-heal|p2a: Gyarados|388/394 slp|[from] item: Leftovers
|turn|273
|
|switch|p1a: Skarmory|Skarmory, F|295/334
|cant|p2a: Gyarados|slp
|
|-heal|p2a: Gyarados|394/394 slp|[from] item: Leftovers
|-heal|p1a: Skarmory|315/334|[from] item: Leftovers
|turn|274
|
|cant|p2a: Gyarados|slp
|move|p1a: Skarmory|Whirlwind|p2a: Gyarados
|drag|p2a: Blissey|Blissey, F|602/688
|-damage|p2a: Blissey|516/688|[from] Stealth Rock
|
|-heal|p1a: Skarmory|334/334|[from] item: Leftovers
|-heal|p2a: Blissey|559/688|[from] item: Leftovers
|turn|275
|chat|THE_IRON_KENYAN|skarm is gonna run out of whirlwinds soon
|
|move|p1a: Skarmory|Brave Bird|p2a: Blissey
|-damage|p2a: Blissey|333/688
|-damage|p1a: Skarmory|259/334|[from] recoil|[of] p2a: Blissey
|move|p2a: Blissey|Seismic Toss|p1a: Skarmory
|-damage|p1a: Skarmory|159/334
|
|-heal|p1a: Skarmory|179/334|[from] item: Leftovers
|-heal|p2a: Blissey|376/688|[from] item: Leftovers
|turn|276
|chat|Pwnemon|now that you cant bring in lb's skarm
|
|move|p1a: Skarmory|Roost|p1a: Skarmory
|-heal|p1a: Skarmory|334/334
|move|p2a: Blissey|Soft-Boiled|p2a: Blissey
|-heal|p2a: Blissey|688/688
|
|turn|277
|chat|Pwnemon|i dont see much point in giving that move a whiel
|
|switch|p1a: Chansey|Chansey, F|537/660
|move|p2a: Blissey|Seismic Toss|p1a: Chansey
|-damage|p1a: Chansey|437/660
|
|turn|278
|chat|Pwnemon|whirl* dammit
|chat|Pwnemon|ruined
|
|switch|p2a: Clefable|Clefable, M|317/394
|-damage|p2a: Clefable|268/394|[from] Stealth Rock
|move|p1a: Chansey|Toxic|p2a: Clefable
|-status|p2a: Clefable|tox
|
|-heal|p2a: Clefable|292/394 tox|[from] item: Leftovers
|-damage|p2a: Clefable|268/394 tox|[from] psn
|turn|279
Pwnemon was muted by Arcticblast for 7 minutes. (ruined)
|unlink|pwnemon
|
|switch|p1a: Heatran|Heatran, M|313/385
|move|p2a: Clefable|Wish|p2a: Clefable
|
|-heal|p1a: Heatran|337/385|[from] item: Leftovers
|-heal|p2a: Clefable|292/394 tox|[from] item: Leftovers
|-damage|p2a: Clefable|244/394 tox|[from] psn
|turn|280
|chat|MarceloDK|lol
Pwnemon was unmuted by Arcticblast.
|chat|Soulgazer|thanks ablast
|
|switch|p2a: Nidoqueen|Nidoqueen, F|235/384
|-damage|p2a: Nidoqueen|211/384|[from] Stealth Rock
|move|p1a: Heatran|Roar|p2a: Nidoqueen
|drag|p2a: Blissey|Blissey, F|688/688
|-damage|p2a: Blissey|602/688|[from] Stealth Rock
|
|-heal|p2a: Blissey|688/688|[from] move: Wish|[wisher] Clefable
|-heal|p1a: Heatran|361/385|[from] item: Leftovers
|turn|281
|chat|Treecko|nooo
|chat|Soulgazer|mute him back
|chat|Soulgazer|what are you doing
|
|switch|p1a: Gliscor|Gliscor, M|353/353 tox
|move|p2a: Blissey|Aromatherapy|p2a: Blissey
|-cureteam|p2a: Blissey|[from] move: Aromatherapy
|
|turn|282
|chat|chieliee|7 minutes that's nothing
|
|switch|p2a: Gyarados|Gyarados, F|394/394
|-damage|p2a: Gyarados|296/394|[from] Stealth Rock
|-ability|p2a: Gyarados|Intimidate|[of] p1a: Gliscor
|-unboost|p1a: Gliscor|atk|1
|move|p1a: Gliscor|Toxic|p2a: Gyarados
|-status|p2a: Gyarados|tox
|
|-heal|p2a: Gyarados|320/394 tox|[from] item: Leftovers
|-damage|p2a: Gyarados|296/394 tox|[from] psn
|turn|283
|
|switch|p1a: Quagsire|Quagsire, M|393/393
|switch|p2a: Blissey|Blissey, F|688/688
|-damage|p2a: Blissey|602/688|[from] Stealth Rock
|
|-heal|p2a: Blissey|645/688|[from] item: Leftovers
|turn|284
|
|switch|p1a: Chansey|Chansey, F|437/660
|move|p2a: Blissey|Toxic|p1a: Chansey
|-status|p1a: Chansey|tox
|
|-heal|p2a: Blissey|688/688|[from] item: Leftovers
|-damage|p1a: Chansey|396/660 tox|[from] psn
|turn|285
|
|switch|p2a: Nidoqueen|Nidoqueen, F|211/384
|-damage|p2a: Nidoqueen|187/384|[from] Stealth Rock
|move|p1a: Chansey|Soft-Boiled|p1a: Chansey
|-heal|p1a: Chansey|660/660 tox
|
|-heal|p2a: Nidoqueen|211/384|[from] item: Leftovers
|-damage|p1a: Chansey|578/660 tox|[from] psn
|turn|286
|chat|THE_IRON_KENYAN|focus punch
|
|switch|p1a: Quagsire|Quagsire, M|393/393
|move|p2a: Nidoqueen|Toxic Spikes|p1a: Quagsire
|-sidestart|p1: Lord Elyis|move: Toxic Spikes
|
|-heal|p2a: Nidoqueen|235/384|[from] item: Leftovers
|turn|287
|
|switch|p2a: Gyarados|Gyarados, F|296/394 tox
|-damage|p2a: Gyarados|198/394 tox|[from] Stealth Rock
|-ability|p2a: Gyarados|Intimidate|[of] p1a: Quagsire
|-unboost|p1a: Quagsire|atk|1
|move|p1a: Quagsire|Earthquake|p2a: Gyarados
|-immune|p2a: Gyarados|[msg]
|
|-heal|p2a: Gyarados|222/394 tox|[from] item: Leftovers
|-damage|p2a: Gyarados|198/394 tox|[from] psn
|turn|288
|
|switch|p1a: Venusaur|Venusaur, M|260/364
|-formechange|p1a: Venusaur|Venusaur-Mega
|-sideend|p1: Lord Elyis|move: Toxic Spikes|[of] p1a: Venusaur
|move|p2a: Gyarados|Rest|p2a: Gyarados
|-status|p2a: Gyarados|slp
|-heal|p2a: Gyarados|394/394 slp|[silent]
|-status|p2a: Gyarados|slp|[from] move: Rest
|
|turn|289
|
|switch|p2a: Blissey|Blissey, F|688/688
|-damage|p2a: Blissey|602/688|[from] Stealth Rock
|move|p1a: Venusaur|Giga Drain|p2a: Blissey
|-damage|p2a: Blissey|533/688
|-heal|p1a: Venusaur|295/364|[from] drain|[of] p2a: Blissey
|
|-heal|p2a: Blissey|576/688|[from] item: Leftovers
|turn|290
|
|move|p1a: Venusaur|Earthquake|p2a: Blissey
|-damage|p2a: Blissey|444/688
|move|p2a: Blissey|Seismic Toss|p1a: Venusaur
|-damage|p1a: Venusaur|195/364
|
|-heal|p2a: Blissey|487/688|[from] item: Leftovers
|turn|291
|chat|Stone_Cold22|lady_bug, your mom callin u
|chat|Stone_Cold22|wondering why ur up
|chat|Stone_Cold22|shoud prob forfeit
|
|switch|p1a: Gliscor|Gliscor, M|353/353 tox
|move|p2a: Blissey|Seismic Toss|p1a: Gliscor
|-damage|p1a: Gliscor|253/353 tox
|
|-heal|p2a: Blissey|530/688|[from] item: Leftovers
|-heal|p1a: Gliscor|297/353 tox|[from] ability: Poison Heal
|turn|292
|
|switch|p2a: Gyarados|Gyarados, F|394/394 slp
|-damage|p2a: Gyarados|296/394 slp|[from] Stealth Rock
|-ability|p2a: Gyarados|Intimidate|[of] p1a: Gliscor
|-unboost|p1a: Gliscor|atk|1
|move|p1a: Gliscor|Earthquake|p2a: Gyarados
|-immune|p2a: Gyarados|[msg]
|
|-heal|p2a: Gyarados|320/394 slp|[from] item: Leftovers
|-heal|p1a: Gliscor|341/353 tox|[from] ability: Poison Heal
|turn|293
|
|switch|p1a: Skarmory|Skarmory, F|334/334
|cant|p2a: Gyarados|slp
|
|-heal|p2a: Gyarados|344/394 slp|[from] item: Leftovers
|turn|294
|
|cant|p2a: Gyarados|slp
|move|p1a: Skarmory|Brave Bird|p2a: Gyarados
|-damage|p2a: Gyarados|251/394 slp
|-damage|p1a: Skarmory|303/334|[from] recoil|[of] p2a: Gyarados
|
|-heal|p2a: Gyarados|275/394 slp|[from] item: Leftovers
|-heal|p1a: Skarmory|323/334|[from] item: Leftovers
|turn|295
|
|-curestatus|p2a: Gyarados|slp
|move|p2a: Gyarados|Waterfall|p1a: Skarmory
|-crit|p1a: Skarmory
|-damage|p1a: Skarmory|220/334
|move|p1a: Skarmory|Whirlwind|p2a: Gyarados
|drag|p2a: Blissey|Blissey, F|530/688
|-damage|p2a: Blissey|444/688|[from] Stealth Rock
|
|-heal|p1a: Skarmory|240/334|[from] item: Leftovers
|-heal|p2a: Blissey|487/688|[from] item: Leftovers
|turn|296
|chat|Pwnemon|mattered
|chat|Pwnemon|:|
|
|switch|p1a: Chansey|Chansey, F|578/660
|move|p2a: Blissey|Seismic Toss|p1a: Chansey
|-damage|p1a: Chansey|478/660
|
|-heal|p2a: Blissey|530/688|[from] item: Leftovers
|turn|297
|
|move|p2a: Blissey|Toxic|p1a: Chansey
|-status|p1a: Chansey|tox
|move|p1a: Chansey|Toxic|p2a: Blissey
|-status|p2a: Blissey|tox
|
|-heal|p2a: Blissey|573/688 tox|[from] item: Leftovers
|-damage|p2a: Blissey|530/688 tox|[from] psn
|-damage|p1a: Chansey|437/660 tox|[from] psn
|turn|298
|
|switch|p2a: Clefable|Clefable, M|244/394
|-damage|p2a: Clefable|195/394|[from] Stealth Rock
|switch|p1a: Venusaur|Venusaur, M|195/364
|-formechange|p1a: Venusaur|Venusaur-Mega
|
|-heal|p2a: Clefable|219/394|[from] item: Leftovers
|turn|299
|chat|Hugendugen|what a toxic family relationship
|chat|THE_IRON_KENYAN|lol
|chat|Heist|i think PO should be recommended for battles over 300 turns
|
|move|p2a: Clefable|Protect|p2a: Clefable
|-singleturn|p2a: Clefable|Protect
|move|p1a: Venusaur|Sludge Bomb|p2a: Clefable
|-activate|p2a: Clefable|Protect
|
|-heal|p2a: Clefable|243/394|[from] item: Leftovers
|turn|300
|chat|Pwnemon|u already did that joke
|chat|PKLaurel|god dammit hugen
|chat|Soulgazer|venusaur *-*
|chat|Heist|took like 2 mins for this battle to load
|
|switch|p2a: Blissey|Blissey, F|530/688
|-damage|p2a: Blissey|444/688|[from] Stealth Rock
|move|p1a: Venusaur|Sludge Bomb|p2a: Blissey
|-damage|p2a: Blissey|350/688
|
|-heal|p2a: Blissey|393/688|[from] item: Leftovers
|turn|301
|chat|Soulgazer|lo heist
|chat|Soulgazer|lo*
|chat|Afro Smash|po should be reccomended for everything
|
|move|p1a: Venusaur|Synthesis|p1a: Venusaur
|-heal|p1a: Venusaur|364/364
|move|p2a: Blissey|Seismic Toss|p1a: Venusaur
|-damage|p1a: Venusaur|264/364
|
|-heal|p2a: Blissey|436/688|[from] item: Leftovers
|turn|302
|chat|Soulgazer|lol
|chat|Soulgazer|oml
|
|switch|p1a: Gliscor|Gliscor, M|341/353 tox
|switch|p2a: Nidoqueen|Nidoqueen, F|235/384
|-damage|p2a: Nidoqueen|211/384|[from] Stealth Rock
|
|-heal|p2a: Nidoqueen|235/384|[from] item: Leftovers
|-heal|p1a: Gliscor|353/353 tox|[from] ability: Poison Heal
|turn|303
|chat|Pwnemon|afro smash ur a fuckin noob
|chat|Arcticblast|>PO for BW and XY
|chat|Pwnemon|imo
|chat|PKLaurel|plays
|chat|Afro Smash|:]
|
|switch|p2a: Gyarados|Gyarados, F|275/394
|-damage|p2a: Gyarados|177/394|[from] Stealth Rock
|-ability|p2a: Gyarados|Intimidate|[of] p1a: Gliscor
|-unboost|p1a: Gliscor|atk|1
|move|p1a: Gliscor|Earthquake|p2a: Gyarados
|-immune|p2a: Gyarados|[msg]
|
|-heal|p2a: Gyarados|201/394|[from] item: Leftovers
|turn|304
|chat|Laga|wow pwnemon don't talk about RU master afro smash like that
|
|switch|p1a: Skarmory|Skarmory, F|240/334
|move|p2a: Gyarados|Dragon Dance|p2a: Gyarados
|-boost|p2a: Gyarados|atk|1
|-boost|p2a: Gyarados|spe|1
|
|-heal|p2a: Gyarados|225/394|[from] item: Leftovers
|-heal|p1a: Skarmory|260/334|[from] item: Leftovers
|turn|305
|chat|Hugendugen|if Afro Smash says so, then we're off to PO
|chat|Pwnemon|im sorry
|chat|Pwnemon|i still believe
|chat|Laga|his name is a billion times more epic than you
|chat|Pwnemon|:]]]]
|
|switch|p1a: Quagsire|Quagsire, M|393/393
|move|p2a: Gyarados|Waterfall|p1a: Quagsire
|-damage|p1a: Quagsire|299/393
|
|-heal|p2a: Gyarados|249/394|[from] item: Leftovers
|-heal|p1a: Quagsire|323/393|[from] item: Leftovers
|turn|306
|chat|Soulgazer|LAGA.
|chat|Afro Smash|:]]]]
|
|move|p2a: Gyarados|Earthquake|p1a: Quagsire
|-damage|p1a: Quagsire|248/393
|move|p1a: Quagsire|Toxic|p2a: Gyarados
|-status|p2a: Gyarados|tox
|
|-heal|p2a: Gyarados|273/394 tox|[from] item: Leftovers
|-heal|p1a: Quagsire|272/393|[from] item: Leftovers
|-damage|p2a: Gyarados|249/394 tox|[from] psn
|turn|307
|chat|Soulgazer|:]]
|
|move|p2a: Gyarados|Rest|p2a: Gyarados
|-status|p2a: Gyarados|slp
|-heal|p2a: Gyarados|394/394 slp|[silent]
|-status|p2a: Gyarados|slp|[from] move: Rest
|move|p1a: Quagsire|Recover|p1a: Quagsire
|-heal|p1a: Quagsire|393/393
|
|turn|308
|
|switch|p1a: Skarmory|Skarmory, F|260/334
|cant|p2a: Gyarados|slp
|
|-heal|p1a: Skarmory|280/334|[from] item: Leftovers
|turn|309
|chat|PttP|16:02 <Eo> lol i seriously cant see a way 16:02 <Eo> that lady bug loses
|chat|PttP|-,-
|
|cant|p2a: Gyarados|slp
|move|p1a: Skarmory|Whirlwind|p2a: Gyarados
|drag|p2a: Blissey|Blissey, F|436/688
|-damage|p2a: Blissey|350/688|[from] Stealth Rock
|
|-heal|p1a: Skarmory|300/334|[from] item: Leftovers
|-heal|p2a: Blissey|393/688|[from] item: Leftovers
|turn|310
|chat|Soulgazer|?_?
|chat|PKLaurel|I can't see a way that lady bug wins...
|
|move|p1a: Skarmory|Brave Bird|p2a: Blissey
|-damage|p2a: Blissey|170/688
|-damage|p1a: Skarmory|226/334|[from] recoil|[of] p2a: Blissey
|move|p2a: Blissey|Soft-Boiled|p2a: Blissey
|-heal|p2a: Blissey|514/688
|
|-heal|p1a: Skarmory|246/334|[from] item: Leftovers
|-heal|p2a: Blissey|557/688|[from] item: Leftovers
|turn|311
|chat|Pwnemon|that was before aboma died
|chat|PKLaurel|Elyis has rocks
|chat|chieliee|i cant se a way that either of these win
|chat|Pwnemon|but uh
|chat|Soulgazer|elyis wrecks
|chat|Pwnemon|pklaurel with the advice
|chat|Pwnemon|as always
|
|switch|p1a: Chansey|Chansey, F|437/660
|move|p2a: Blissey|Seismic Toss|p1a: Chansey
|-damage|p1a: Chansey|337/660
|
|-heal|p2a: Blissey|600/688|[from] item: Leftovers
|turn|312
|chat|MikeDecIsHere|311 turns
|chat|Pwnemon|n__n
|chat|MikeDecIsHere|damn
|
|move|p2a: Blissey|Toxic|p1a: Chansey
|-status|p1a: Chansey|tox
|move|p1a: Chansey|Toxic|p2a: Blissey
|-status|p2a: Blissey|tox
|
|-heal|p2a: Blissey|643/688 tox|[from] item: Leftovers
|-damage|p2a: Blissey|600/688 tox|[from] psn
|-damage|p1a: Chansey|296/660 tox|[from] psn
|turn|313
|chat|Soulgazer|mike is here
|chat|Soulgazer|:o
|
|switch|p2a: Nidoqueen|Nidoqueen, F|235/384
|-damage|p2a: Nidoqueen|211/384|[from] Stealth Rock
|switch|p1a: Gliscor|Gliscor, M|353/353 tox
|
|-heal|p2a: Nidoqueen|235/384|[from] item: Leftovers
|turn|314
|chat|MikeDecIsHere|Soulgazer, we need to play for randbats
|chat|MikeDecIsHere|!
|chat|Soulgazer|ooo
|chat|Soulgazer|after this
|
|switch|p2a: Gyarados|Gyarados, F|394/394 slp
|-damage|p2a: Gyarados|296/394 slp|[from] Stealth Rock
|-ability|p2a: Gyarados|Intimidate|[of] p1a: Gliscor
|-unboost|p1a: Gliscor|atk|1
|move|p1a: Gliscor|Earthquake|p2a: Gyarados
|-immune|p2a: Gyarados|[msg]
|
|-heal|p2a: Gyarados|320/394 slp|[from] item: Leftovers
|turn|315
|chat|MikeDecIsHere|ya
|chat|Pwnemon|what about our dubs battle soulgazer
|chat|Pwnemon|i am hurt
|
|switch|p1a: Skarmory|Skarmory, F|246/334
|-curestatus|p2a: Gyarados|slp
|move|p2a: Gyarados|Dragon Dance|p2a: Gyarados
|-boost|p2a: Gyarados|atk|1
|-boost|p2a: Gyarados|spe|1
|
|-heal|p2a: Gyarados|344/394|[from] item: Leftovers
|-heal|p1a: Skarmory|266/334|[from] item: Leftovers
|turn|316
|chat|Soulgazer|fight me now
|
|switch|p1a: Quagsire|Quagsire, M|393/393
|move|p2a: Gyarados|Waterfall|p1a: Quagsire
|-damage|p1a: Quagsire|305/393
|
|-heal|p2a: Gyarados|368/394|[from] item: Leftovers
|-heal|p1a: Quagsire|329/393|[from] item: Leftovers
|turn|317
|chat|Soulgazer|._.
|chat|Pwnemon|disrespectful
|chat|Laga|I want to see soulgazer win vs pwnemon in dubs
|chat|Pwnemon|to the gentlemen battling
|
|move|p2a: Gyarados|Rest|p2a: Gyarados
|-status|p2a: Gyarados|slp
|-heal|p2a: Gyarados|394/394 slp|[silent]
|-status|p2a: Gyarados|slp|[from] move: Rest
|move|p1a: Quagsire|Scald|p2a: Gyarados
|-resisted|p2a: Gyarados
|-damage|p2a: Gyarados|361/394 slp
|
|-heal|p2a: Gyarados|385/394 slp|[from] item: Leftovers
|-heal|p1a: Quagsire|353/393|[from] item: Leftovers
|turn|318
|chat|Hugendugen|what a chump, not running water absorb quagsire
|chat|jdarden|pwnejohn
|
|switch|p2a: Nidoqueen|Nidoqueen, F|235/384
|-damage|p2a: Nidoqueen|211/384|[from] Stealth Rock
|switch|p1a: Skarmory|Skarmory, F|266/334
|
|-heal|p2a: Nidoqueen|235/384|[from] item: Leftovers
|-heal|p1a: Skarmory|286/334|[from] item: Leftovers
|turn|319
|chat|Soulgazer|lol
|chat|Pwnemon|plays
|chat|Soulgazer|i can have both of them on the same screen
|chat|Pwnemon|the flamethrower is real
|
|switch|p1a: Quagsire|Quagsire, M|353/393
|move|p2a: Nidoqueen|Toxic Spikes|p1a: Quagsire
|-sidestart|p1: Lord Elyis|move: Toxic Spikes
|
|-heal|p2a: Nidoqueen|259/384|[from] item: Leftovers
|-heal|p1a: Quagsire|377/393|[from] item: Leftovers
|turn|320
|chat|Laga|preferably hrough ridiculous hax 
|chat|Soulgazer|dw
|
|switch|p2a: Blissey|Blissey, F|600/688
|-damage|p2a: Blissey|514/688|[from] Stealth Rock
|switch|p1a: Venusaur|Venusaur, M|264/364
|-formechange|p1a: Venusaur|Venusaur-Mega
|-sideend|p1: Lord Elyis|move: Toxic Spikes|[of] p1a: Venusaur
|
|-heal|p2a: Blissey|557/688|[from] item: Leftovers
|turn|321
|chat|Sir|i think that Po is better than PS
|
|switch|p1a: Chansey|Chansey, F|296/660
|move|p2a: Blissey|Seismic Toss|p1a: Chansey
|-damage|p1a: Chansey|196/660
|
|-heal|p2a: Blissey|600/688|[from] item: Leftovers
|turn|322
|chat|PKLaurel|i didn't know that we were playing GSC
|
|move|p2a: Blissey|Toxic|p1a: Chansey
|-status|p1a: Chansey|tox
|move|p1a: Chansey|Soft-Boiled|p1a: Chansey
|-heal|p1a: Chansey|526/660 tox
|
|-heal|p2a: Blissey|643/688|[from] item: Leftovers
|-damage|p1a: Chansey|485/660 tox|[from] psn
|turn|323
|chat|Arcticblast|idk Sir I think they could go either way
|chat|Pwnemon|we arent, gsc doesnt have SR
|chat|Pwnemon|:|
|chat|Sir|yea u got me
|chat|Texas Cloverleaf|gsc is faster
|
|switch|p2a: Gyarados|Gyarados, F|385/394 slp
|-damage|p2a: Gyarados|287/394 slp|[from] Stealth Rock
|-ability|p2a: Gyarados|Intimidate|[of] p1a: Chansey
|-unboost|p1a: Chansey|atk|1
|switch|p1a: Gliscor|Gliscor, M|353/353 tox
|
|-heal|p2a: Gyarados|311/394 slp|[from] item: Leftovers
|turn|324
|chat|dekzeh|Sir who do you think is winning this
|chat|Texas Cloverleaf|also laurel you're 240 turns laste
|chat|Sir|idk
|chat|Texas Cloverleaf|with that joke
|chat|Sir|could go either way
|chat|Joim|gsc has based spikes, one stack
|
|switch|p1a: Skarmory|Skarmory, F|286/334
|switch|p2a: Nidoqueen|Nidoqueen, F|259/384
|-damage|p2a: Nidoqueen|235/384|[from] Stealth Rock
|
|-heal|p2a: Nidoqueen|259/384|[from] item: Leftovers
|-heal|p1a: Skarmory|306/334|[from] item: Leftovers
|turn|325
|chat|PKLaurel|i joined at turn 250 :(
|
|switch|p1a: Quagsire|Quagsire, M|377/393
|move|p2a: Nidoqueen|Flamethrower|p1a: Quagsire
|-resisted|p1a: Quagsire
|-damage|p1a: Quagsire|324/393
|
|-heal|p2a: Nidoqueen|283/384|[from] item: Leftovers
|-heal|p1a: Quagsire|348/393|[from] item: Leftovers
|turn|326
|chat|Sir|this is worse than LC
|
|switch|p1a: Venusaur|Venusaur, M|264/364
|-formechange|p1a: Venusaur|Venusaur-Mega
|move|p2a: Nidoqueen|Flamethrower|p1a: Venusaur
|-supereffective|p1a: Venusaur
|-damage|p1a: Venusaur|220/364
|
|-heal|p2a: Nidoqueen|307/384|[from] item: Leftovers
|turn|327
|
|move|p2a: Nidoqueen|Toxic Spikes|p1a: Venusaur
|-sidestart|p1: Lord Elyis|move: Toxic Spikes
|move|p1a: Venusaur|Giga Drain|p2a: Nidoqueen
|-crit|p2a: Nidoqueen
|-damage|p2a: Nidoqueen|132/384
|-heal|p1a: Venusaur|308/364|[from] drain|[of] p2a: Nidoqueen
|
|-heal|p2a: Nidoqueen|156/384|[from] item: Leftovers
|turn|328
|chat|Pwnemon|no burn???
|chat|Afro Smash|shluuurp
|
|switch|p2a: Blissey|Blissey, F|643/688
|-damage|p2a: Blissey|557/688|[from] Stealth Rock
|move|p1a: Venusaur|Giga Drain|p2a: Blissey
|-damage|p2a: Blissey|485/688
|-heal|p1a: Venusaur|344/364|[from] drain|[of] p2a: Blissey
|
|-heal|p2a: Blissey|528/688|[from] item: Leftovers
|turn|329
|chat|Texas Cloverleaf|da crits
|chat|Sir|the game is advancing
|chat|Pwnemon|o wow im late
|chat|Pwnemon|by multiple turns
|
|switch|p1a: Gliscor|Gliscor, M|353/353 tox
|move|p2a: Blissey|Seismic Toss|p1a: Gliscor
|-damage|p1a: Gliscor|253/353 tox
|
|-heal|p2a: Blissey|571/688|[from] item: Leftovers
|-heal|p1a: Gliscor|297/353 tox|[from] ability: Poison Heal
|turn|330
|chat|Pwnemon|:X
|
|switch|p1a: Venusaur|Venusaur, M|344/364
|-formechange|p1a: Venusaur|Venusaur-Mega
|-sideend|p1: Lord Elyis|move: Toxic Spikes|[of] p1a: Venusaur
|switch|p2a: Gyarados|Gyarados, F|311/394 slp
|-damage|p2a: Gyarados|213/394 slp|[from] Stealth Rock
|-ability|p2a: Gyarados|Intimidate|[of] p1a: Venusaur
|-unboost|p1a: Venusaur|atk|1
|
|-heal|p2a: Gyarados|237/394 slp|[from] item: Leftovers
|turn|331
|
|cant|p2a: Gyarados|slp
|move|p1a: Venusaur|Giga Drain|p2a: Gyarados
|-damage|p2a: Gyarados|125/394 slp
|-heal|p1a: Venusaur|364/364|[from] drain|[of] p2a: Gyarados
|
|-heal|p2a: Gyarados|149/394 slp|[from] item: Leftovers
|turn|332
|
|cant|p2a: Gyarados|slp
|move|p1a: Venusaur|Giga Drain|p2a: Gyarados
|-damage|p2a: Gyarados|50/394 slp
|
|-heal|p2a: Gyarados|74/394 slp|[from] item: Leftovers
|turn|333
|chat|PKLaurel|crit
|chat|Arcticblast|Has Venusaur revealed its last move?
|
|-curestatus|p2a: Gyarados|slp
|move|p2a: Gyarados|Rest|p2a: Gyarados
|-status|p2a: Gyarados|slp
|-heal|p2a: Gyarados|394/394 slp|[silent]
|-status|p2a: Gyarados|slp|[from] move: Rest
|move|p1a: Venusaur|Giga Drain|p2a: Gyarados
|-damage|p2a: Gyarados|289/394 slp
|
|-heal|p2a: Gyarados|313/394 slp|[from] item: Leftovers
|turn|334
|chat|chieliee|synth giga eq
|chat|Sir|could it be curse venu
|
|switch|p2a: Blissey|Blissey, F|571/688
|-damage|p2a: Blissey|485/688|[from] Stealth Rock
|switch|p1a: Skarmory|Skarmory, F|306/334
|
|-heal|p1a: Skarmory|326/334|[from] item: Leftovers
|-heal|p2a: Blissey|528/688|[from] item: Leftovers
|turn|335
|chat|Texas Cloverleaf|it revealed sludge
|
|move|p1a: Skarmory|Brave Bird|p2a: Blissey
|-damage|p2a: Blissey|311/688
|-damage|p1a: Skarmory|254/334|[from] recoil|[of] p2a: Blissey
|move|p2a: Blissey|Seismic Toss|p1a: Skarmory
|-damage|p1a: Skarmory|154/334
|
|-heal|p1a: Skarmory|174/334|[from] item: Leftovers
|-heal|p2a: Blissey|354/688|[from] item: Leftovers
|turn|336
|chat|Arcticblast|Oh it did?
|chat|OU Mew|yeah 200 turns ago
|
|move|p1a: Skarmory|Roost|p1a: Skarmory
|-heal|p1a: Skarmory|334/334
|move|p2a: Blissey|Soft-Boiled|p2a: Blissey
|-heal|p2a: Blissey|688/688
|
|turn|337
|
|switch|p1a: Chansey|Chansey, F|485/660
|move|p2a: Blissey|Seismic Toss|p1a: Chansey
|-damage|p1a: Chansey|385/660
|
|turn|338
|chat|chieliee|yeh
|chat|chieliee|it did
|chat|Soulgazer|I WON
|chat|Soulgazer|go eleyis
|chat|Soulgazer|*-*
|
|move|p2a: Blissey|Toxic|p1a: Chansey
|-status|p1a: Chansey|tox
|move|p1a: Chansey|Soft-Boiled|p1a: Chansey
|-heal|p1a: Chansey|660/660 tox
|
|-damage|p1a: Chansey|619/660 tox|[from] psn
|turn|339
|chat|OU Mew|ou already finished?
|chat|Pwnemon|lol i quit on like turn 3
|chat|Pwnemon|wasnt really playin ykno
|
|switch|p2a: Gyarados|Gyarados, F|313/394 slp
|-damage|p2a: Gyarados|215/394 slp|[from] Stealth Rock
|-ability|p2a: Gyarados|Intimidate|[of] p1a: Chansey
|-unboost|p1a: Chansey|atk|1
|switch|p1a: Gliscor|Gliscor, M|297/353 tox
|
|-heal|p2a: Gyarados|239/394 slp|[from] item: Leftovers
|-heal|p1a: Gliscor|341/353 tox|[from] ability: Poison Heal
|turn|340
|chat|chieliee|excuses
|chat|Soulgazer|you just got wreck
|chat|Pwnemon|ya
|chat|Soulgazer|start me in doubles nachos
|chat|Pwnemon|ok
|chat|Soulgazer|im rdy
|
|switch|p1a: Skarmory|Skarmory, F|334/334
|cant|p2a: Gyarados|slp
|
|-heal|p2a: Gyarados|263/394 slp|[from] item: Leftovers
|turn|341
|chat|Pwnemon|eh ud do better than yung
|chat|Stone_Cold22|yung is fine
|chat|Delta 2777|doesn't XY have a 1-hour time limit
|chat|Stone_Cold22|hop off faggot
|
|switch|p1a: Quagsire|Quagsire, M|348/393
|cant|p2a: Gyarados|slp
|
|-heal|p2a: Gyarados|287/394 slp|[from] item: Leftovers
|-heal|p1a: Quagsire|372/393|[from] item: Leftovers
|turn|342
|chat|Pwnemon|only in battle spot delta
|chat|Soulgazer|ya yung is great
|
|switch|p1a: Skarmory|Skarmory, F|334/334
|-curestatus|p2a: Gyarados|slp
|move|p2a: Gyarados|Dragon Dance|p2a: Gyarados
|-boost|p2a: Gyarados|atk|1
|-boost|p2a: Gyarados|spe|1
|
|-heal|p2a: Gyarados|311/394|[from] item: Leftovers
|turn|343
|chat|chieliee|fuck this shit im out
|chat|Nachos|so many people mad at yungjake :(
|chat|Stone_Cold22|ur jsut not based enought o keep up w/ yung
|
|move|p2a: Gyarados|Waterfall|p1a: Skarmory
|-damage|p1a: Skarmory|240/334
|move|p1a: Skarmory|Whirlwind|p2a: Gyarados
|drag|p2a: Clefable|Clefable, M|243/394
|-damage|p2a: Clefable|194/394|[from] Stealth Rock
|
|-heal|p1a: Skarmory|260/334|[from] item: Leftovers
|-heal|p2a: Clefable|218/394|[from] item: Leftovers
|turn|344
|chat|Ginku|why would anyone be mad at yungjake
|chat|Nachos|idk
|chat|OU Mew|in-game battles of 400+ turns unlock Volcanion
|
|switch|p1a: Heatran|Heatran, M|361/385
|move|p2a: Clefable|Wish|p2a: Clefable
|
|-heal|p1a: Heatran|385/385|[from] item: Leftovers
|-heal|p2a: Clefable|242/394|[from] item: Leftovers
|turn|345
|chat|Pwnemon|lol
|chat|Afro Smash|cuz theyre not as good as him
|chat|Pwnemon|ya thats it
|chat|MikeDecIsHere|ye
|chat|Pwnemon|lol
|chat|Soulgazer|so yung,,
|chat|Sapientia|why are there 2 mons dead if lb can stall for 100+ turns with the other 4 :hm:
|chat|Stone_Cold22|pwnemon
|chat|Laga|he disagreed with pwnemon on a subject yesterday
|chat|Stone_Cold22|when have you ever been relevent?
|
|move|p2a: Clefable|Protect|p2a: Clefable
|-singleturn|p2a: Clefable|Protect
|move|p1a: Heatran|Roar|p2a: Clefable
|drag|p2a: Gyarados|Gyarados, F|311/394
|-damage|p2a: Gyarados|213/394|[from] Stealth Rock
|-ability|p2a: Gyarados|Intimidate|[of] p1a: Heatran
|-unboost|p1a: Heatran|atk|1
|
|-heal|p2a: Gyarados|394/394|[from] move: Wish|[wisher] Clefable
|turn|346
|chat|Stone_Cold22|im trying to recall
|chat|Stone_Cold22|:/
|chat|Laga|that is why he hates him
|chat|MarceloDK|wtf
|chat|MikeDecIsHere|Stone
|chat|Soulgazer|lol
|chat|MikeDecIsHere|only for worst forum poster
|chat|Stone_Cold22|going hard
|chat|McMeghan|can you even legitimatly play 1 hour+ game on catridge? :O
|chat|MikeDecIsHere|that's about it
|chat|PKLaurel|Shots fired
|chat|Stone_Cold22|oh
|
|switch|p1a: Quagsire|Quagsire, M|372/393
|move|p2a: Gyarados|Dragon Dance|p2a: Gyarados
|-boost|p2a: Gyarados|atk|1
|-boost|p2a: Gyarados|spe|1
|
|-heal|p1a: Quagsire|393/393|[from] item: Leftovers
|turn|347
|chat|MarceloDK|did this roar just go through protect
|chat|PKLaurel|No you cant McMeghan
|chat|Stone_Cold22|mike thats where i recognized da name
|chat|Pwnemon|ow my heart
|chat|MarceloDK|?___?
|chat|Eo|yes marcy...
|chat|Soulgazer|marcy
|chat|PKLaurel|It ties
|chat|Pwnemon|dam
|chat|Afro Smash|wepwnpokemon > pwnemon
|chat|Soulgazer|new mechanics
|
|move|p2a: Gyarados|Waterfall|p1a: Quagsire
|-crit|p1a: Quagsire
|-damage|p1a: Quagsire|255/393
|move|p1a: Quagsire|Toxic|p2a: Gyarados
|-status|p2a: Gyarados|tox
|
|-heal|p1a: Quagsire|279/393|[from] item: Leftovers
|-damage|p2a: Gyarados|370/394 tox|[from] psn
|turn|348
|chat|Eo|this is why you are playing adv
|
|move|p2a: Gyarados|Waterfall|p1a: Quagsire
|-damage|p1a: Quagsire|195/393
|move|p1a: Quagsire|Recover|p1a: Quagsire
|-heal|p1a: Quagsire|392/393
|
|-heal|p2a: Gyarados|394/394 tox|[from] item: Leftovers
|-heal|p1a: Quagsire|393/393|[from] item: Leftovers
|-damage|p2a: Gyarados|346/394 tox|[from] psn
|turn|349
|chat|Stone_Cold22|eo ut mortus
|chat|Stone_Cold22|big fan
|
|switch|p1a: Venusaur|Venusaur, M|364/364
|-formechange|p1a: Venusaur|Venusaur-Mega
|move|p2a: Gyarados|Earthquake|p1a: Venusaur
|-damage|p1a: Venusaur|237/364
|
|-heal|p2a: Gyarados|370/394 tox|[from] item: Leftovers
|-damage|p2a: Gyarados|298/394 tox|[from] psn
|turn|350
|chat|PttP|0-2 duo of mareclo and eo
|chat|PttP|carry team
|chat|Soulgazer|now that hurts
|
|switch|p1a: Skarmory|Skarmory, F|260/334
|move|p2a: Gyarados|Earthquake|p1a: Skarmory
|-immune|p1a: Skarmory|[msg]
|
|-heal|p2a: Gyarados|322/394 tox|[from] item: Leftovers
|-heal|p1a: Skarmory|280/334|[from] item: Leftovers
|-damage|p2a: Gyarados|226/394 tox|[from] psn
|turn|351
|chat|dekzeh|:]
|chat|PKLaurel|is blisseys last aroma?
|chat|Eo|:]
|chat|Annoyer|y
|
|switch|p1a: Quagsire|Quagsire, M|393/393
|move|p2a: Gyarados|Rest|p2a: Gyarados
|-status|p2a: Gyarados|slp
|-heal|p2a: Gyarados|394/394 slp|[silent]
|-status|p2a: Gyarados|slp|[from] move: Rest
|
|turn|352
|chat|Pwnemon|no aroma here
|chat|MarceloDK|I'm 0-2 to support Eo
|chat|Pwnemon|lol
|
|switch|p1a: Skarmory|Skarmory, F|280/334
|cant|p2a: Gyarados|slp
|
|-heal|p1a: Skarmory|300/334|[from] item: Leftovers
|turn|353
|chat|Sapientia|marcelo just wins in play offs
|chat|Sapientia|fuck the rest
|chat|MarceloDK|otherwise we would be the only one that sucks
|
|cant|p2a: Gyarados|slp
|move|p1a: Skarmory|Whirlwind|p2a: Gyarados
|drag|p2a: Clefable|Clefable, M|242/394
|-damage|p2a: Clefable|193/394|[from] Stealth Rock
|
|-heal|p1a: Skarmory|320/334|[from] item: Leftovers
|-heal|p2a: Clefable|217/394|[from] item: Leftovers
|turn|354
|chat|MarceloDK|on the team
|chat|Sapientia|just like he starts playing tour in play offs
|chat|MarceloDK|o_o
|chat|Afro Smash|reveal the taunt
|
|move|p1a: Skarmory|Brave Bird|p2a: Clefable
|-damage|p2a: Clefable|123/394
|-damage|p1a: Skarmory|289/334|[from] recoil|[of] p2a: Clefable
|move|p2a: Clefable|Wish|p2a: Clefable
|
|-heal|p1a: Skarmory|309/334|[from] item: Leftovers
|-heal|p2a: Clefable|147/394|[from] item: Leftovers
|turn|355
|chat|Pwnemon|lol
|
|switch|p1a: Heatran|Heatran, M|385/385
|move|p2a: Clefable|Moonblast|p1a: Heatran
|-resisted|p1a: Heatran
|-damage|p1a: Heatran|367/385
|
|-heal|p2a: Clefable|344/394|[from] move: Wish|[wisher] Clefable
|-heal|p1a: Heatran|385/385|[from] item: Leftovers
|-heal|p2a: Clefable|368/394|[from] item: Leftovers
|turn|356
|chat|Pwnemon|aw cm if real
|chat|Soulgazer|nice damage
|chat|OU Mew|normal gem hyper beam pls
|chat|Pwnemon|lol
|chat|Stone_Cold22|not real
|
|move|p2a: Clefable|Protect|p2a: Clefable
|-singleturn|p2a: Clefable|Protect
|move|p1a: Heatran|Lava Plume|p2a: Clefable
|-activate|p2a: Clefable|Protect
|
|-heal|p2a: Clefable|392/394|[from] item: Leftovers
|turn|357
|
|switch|p2a: Gyarados|Gyarados, F|394/394 slp
|-damage|p2a: Gyarados|296/394 slp|[from] Stealth Rock
|-ability|p2a: Gyarados|Intimidate|[of] p1a: Heatran
|-unboost|p1a: Heatran|atk|1
|move|p1a: Heatran|Lava Plume|p2a: Gyarados
|-resisted|p2a: Gyarados
|-damage|p2a: Gyarados|242/394 slp
|
|-heal|p2a: Gyarados|266/394 slp|[from] item: Leftovers
|turn|358
|
|switch|p1a: Quagsire|Quagsire, M|393/393
|-curestatus|p2a: Gyarados|slp
|move|p2a: Gyarados|Earthquake|p1a: Quagsire
|-damage|p1a: Quagsire|314/393
|
|-heal|p2a: Gyarados|290/394|[from] item: Leftovers
|-heal|p1a: Quagsire|338/393|[from] item: Leftovers
|turn|359
|chat|Mr.E|WHY IS THIS GAME SO LONG
|chat|Pwnemon|lol
|chat|Pwnemon|when a gscer says it
|chat|MikeDecIsHere|don't you play GSC?
|chat|Pwnemon|u know its ridiculous
|
|switch|p2a: Blissey|Blissey, F|688/688
|-damage|p2a: Blissey|602/688|[from] Stealth Rock
|move|p1a: Quagsire|Scald|p2a: Blissey
|-damage|p2a: Blissey|556/688
|
|-heal|p2a: Blissey|599/688|[from] item: Leftovers
|-heal|p1a: Quagsire|362/393|[from] item: Leftovers
|turn|360
|chat|Soulgazer|where's the burn
|chat|Soulgazer|:(
|
|switch|p1a: Gliscor|Gliscor, M|341/353 tox
|move|p2a: Blissey|Toxic|p1a: Gliscor
|-fail|p1a: Gliscor|tox
|
|-heal|p2a: Blissey|642/688|[from] item: Leftovers
|-heal|p1a: Gliscor|353/353 tox|[from] ability: Poison Heal
|turn|361
|chat|Aqualouis|o
|chat|Aqualouis|this is not over
|chat|Mr.E|chansey v blissey
|
|move|p1a: Gliscor|Toxic|p2a: Blissey
|-status|p2a: Blissey|tox
|move|p2a: Blissey|Seismic Toss|p1a: Gliscor
|-damage|p1a: Gliscor|253/353 tox
|
|-heal|p2a: Blissey|685/688 tox|[from] item: Leftovers
|-heal|p1a: Gliscor|297/353 tox|[from] ability: Poison Heal
|-damage|p2a: Blissey|642/688 tox|[from] psn
|turn|362
|chat|Sir|last mon gyarados wins
|chat|Sir|i reckon
|chat|Sir|could go either way
|
|switch|p2a: Clefable|Clefable, M|392/394
|-damage|p2a: Clefable|343/394|[from] Stealth Rock
|move|p1a: Gliscor|Earthquake|p2a: Clefable
|-damage|p2a: Clefable|238/394
|
|-heal|p2a: Clefable|262/394|[from] item: Leftovers
|-heal|p1a: Gliscor|341/353 tox|[from] ability: Poison Heal
|turn|363
|chat|PKLaurel|it depends
|
|move|p2a: Clefable|Protect|p2a: Clefable
|-singleturn|p2a: Clefable|Protect
|move|p1a: Gliscor|Toxic|p2a: Clefable
|-activate|p2a: Clefable|Protect
|
|-heal|p2a: Clefable|286/394|[from] item: Leftovers
|-heal|p1a: Gliscor|353/353 tox|[from] ability: Poison Heal
|turn|364
|
|move|p1a: Gliscor|Toxic|p2a: Clefable
|-status|p2a: Clefable|tox
|move|p2a: Clefable|Calm Mind|p2a: Clefable
|-boost|p2a: Clefable|spa|1
|-boost|p2a: Clefable|spd|1
|
|-heal|p2a: Clefable|310/394 tox|[from] item: Leftovers
|-damage|p2a: Clefable|286/394 tox|[from] psn
|turn|365
|chat|PKLaurel|i think quag beats it if it has more recovers than gyara rests
|
|switch|p1a: Heatran|Heatran, M|385/385
|switch|p2a: Blissey|Blissey, F|642/688
|-damage|p2a: Blissey|556/688|[from] Stealth Rock
|
|-heal|p2a: Blissey|599/688|[from] item: Leftovers
|turn|366
|
|move|p2a: Blissey|Seismic Toss|p1a: Heatran
|-damage|p1a: Heatran|285/385
|move|p1a: Heatran|Roar|p2a: Blissey
|drag|p2a: Clefable|Clefable, M|286/394 tox
|-damage|p2a: Clefable|237/394 tox|[from] Stealth Rock
|
|-heal|p1a: Heatran|309/385|[from] item: Leftovers
|-heal|p2a: Clefable|261/394 tox|[from] item: Leftovers
|-damage|p2a: Clefable|237/394 tox|[from] psn
|turn|367
|chat|Mr.E|if this was GSC
|chat|Mr.E|this heatran would have explosion
|chat|Pwnemon|lol
|
|move|p1a: Heatran|Lava Plume|p2a: Clefable
|-damage|p2a: Clefable|113/394 tox
|move|p2a: Clefable|Wish|p2a: Clefable
|
|-heal|p1a: Heatran|333/385|[from] item: Leftovers
|-heal|p2a: Clefable|137/394 tox|[from] item: Leftovers
|-damage|p2a: Clefable|89/394 tox|[from] psn
|turn|368
|chat|Pwnemon|or dpp
|chat|Sir|n
|chat|george182|if this was gac
|chat|MarceloDK|ugh
|
|move|p2a: Clefable|Protect|p2a: Clefable
|-singleturn|p2a: Clefable|Protect
|move|p1a: Heatran|Roar|p2a: Clefable
|drag|p2a: Blissey|Blissey, F|599/688
|-damage|p2a: Blissey|513/688|[from] Stealth Rock
|
|-heal|p2a: Blissey|688/688|[from] move: Wish|[wisher] Clefable
|-heal|p1a: Heatran|357/385|[from] item: Leftovers
|turn|369
|chat|george182|thered be no heatran
|chat|MarceloDK|death
|chat|Pwnemon|oh shit
|chat|MarceloDK|nice shitass new mecanics
|chat|MarceloDK|:(
|
|switch|p1a: Chansey|Chansey, F|619/660
|move|p2a: Blissey|Seismic Toss|p1a: Chansey
|-damage|p1a: Chansey|519/660
|
|turn|370
|chat|Mr.E|awesome new mechanics*
|
|move|p2a: Blissey|Toxic|p1a: Chansey
|-status|p1a: Chansey|tox
|move|p1a: Chansey|Seismic Toss|p2a: Blissey
|-damage|p2a: Blissey|588/688
|
|-heal|p2a: Blissey|631/688|[from] item: Leftovers
|-damage|p1a: Chansey|478/660 tox|[from] psn
|turn|371
|
|switch|p2a: Gyarados|Gyarados, F|290/394
|-damage|p2a: Gyarados|192/394|[from] Stealth Rock
|-ability|p2a: Gyarados|Intimidate|[of] p1a: Chansey
|-unboost|p1a: Chansey|atk|1
|switch|p1a: Venusaur|Venusaur, M|237/364
|-formechange|p1a: Venusaur|Venusaur-Mega
|
|-heal|p2a: Gyarados|216/394|[from] item: Leftovers
|turn|372
|chat|Mr.E|literally chansey and blissey
|chat|Afro Smash|the damage
|chat|Mr.E|fucking seismic tossing each other
|chat|MarceloDK|mr.e always uses machamp
|chat|MarceloDK|yn
|chat|Pwnemon|lol
|
|move|p2a: Gyarados|Dragon Dance|p2a: Gyarados
|-boost|p2a: Gyarados|atk|1
|-boost|p2a: Gyarados|spe|1
|move|p1a: Venusaur|Sludge Bomb|p2a: Gyarados
|-damage|p2a: Gyarados|98/394
|-status|p2a: Gyarados|psn
|
|-heal|p2a: Gyarados|122/394 psn|[from] item: Leftovers
|-damage|p2a: Gyarados|73/394 psn|[from] psn
|turn|373
|chat|Pwnemon|rest time
|
|move|p2a: Gyarados|Rest|p2a: Gyarados
|-status|p2a: Gyarados|slp
|-heal|p2a: Gyarados|394/394 slp|[silent]
|-status|p2a: Gyarados|slp|[from] move: Rest
|move|p1a: Venusaur|Sludge Bomb|p2a: Gyarados
|-damage|p2a: Gyarados|265/394 slp
|
|-heal|p2a: Gyarados|289/394 slp|[from] item: Leftovers
|turn|374
|chat|PKLaurel|crit once
|chat|Soulgazer|can i see
|chat|Soulgazer|a crit sludge
|
|switch|p2a: Blissey|Blissey, F|631/688
|-damage|p2a: Blissey|545/688|[from] Stealth Rock
|switch|p1a: Skarmory|Skarmory, F|309/334
|
|-heal|p1a: Skarmory|329/334|[from] item: Leftovers
|-heal|p2a: Blissey|588/688|[from] item: Leftovers
|turn|375
|chat|Soulgazer|:]
|chat|Mr.E|needs more leech seed
|chat|Mr.E|both these teams even have skarmory
|chat|Mr.E|fuck
|chat|Pwnemon|stall whitout skarm
|
|switch|p1a: Gliscor|Gliscor, M|353/353 tox
|move|p2a: Blissey|Seismic Toss|p1a: Gliscor
|-damage|p1a: Gliscor|253/353 tox
|
|-heal|p2a: Blissey|631/688|[from] item: Leftovers
|-heal|p1a: Gliscor|297/353 tox|[from] ability: Poison Heal
|turn|376
|chat|Pwnemon|isnt a thing
|chat|Pwnemon|ever
|chat|PKLaurel|yes it is
|chat|Pwnemon|lol
|chat|PKLaurel|theres a bird called mandibuzz
|
|switch|p2a: Gyarados|Gyarados, F|289/394 slp
|-damage|p2a: Gyarados|191/394 slp|[from] Stealth Rock
|-ability|p2a: Gyarados|Intimidate|[of] p1a: Gliscor
|-unboost|p1a: Gliscor|atk|1
|move|p1a: Gliscor|Protect|p1a: Gliscor
|-fail|p1a: Gliscor
|
|-heal|p2a: Gyarados|215/394 slp|[from] item: Leftovers
|-heal|p1a: Gliscor|341/353 tox|[from] ability: Poison Heal
|turn|377
|chat|Pwnemon|right
|
|switch|p1a: Skarmory|Skarmory, F|329/334
|cant|p2a: Gyarados|slp
|
|-heal|p2a: Gyarados|239/394 slp|[from] item: Leftovers
|-heal|p1a: Skarmory|334/334|[from] item: Leftovers
|turn|378
|chat|PKLaurel|eq
|chat|OU Mew|Gourgeist would have rekt here
|
|cant|p2a: Gyarados|slp
|move|p1a: Skarmory|Whirlwind|p2a: Gyarados
|drag|p2a: Nidoqueen|Nidoqueen, F|156/384
|-damage|p2a: Nidoqueen|132/384|[from] Stealth Rock
|
|-heal|p2a: Nidoqueen|156/384|[from] item: Leftovers
|turn|379
|chat|Mr.E|gourgeist is unstoppable
|chat|Arcticblast|Taunt DD Gyarados would have ended this turn 60
|
|switch|p1a: Gliscor|Gliscor, M|341/353 tox
|move|p2a: Nidoqueen|Flamethrower|p1a: Gliscor
|-damage|p1a: Gliscor|243/353 tox
|
|-heal|p2a: Nidoqueen|180/384|[from] item: Leftovers
|-heal|p1a: Gliscor|287/353 tox|[from] ability: Poison Heal
|turn|380
|chat|boudouche|ROFL
|chat|boudouche|WTF
|chat|Stone_Cold22|articblast
|chat|Stone_Cold22|quagsire scald?
|chat|boudouche|379 turns ? x.x
|chat|MikeDecIsHere|Quag
|chat|MikeDecIsHere|moron
|chat|MikeDecIsHere|:|
|chat|Pwnemon|lol
|chat|Stone_Cold22|fucking idiot
|chat|Soulgazer|oui boud
|chat|Snunch|basically anything with taunt would have ended the game a long time ago
|chat|Soulgazer|Oo
|chat|PttP|moron
|
|switch|p1a: Venusaur|Venusaur, M|237/364
|-formechange|p1a: Venusaur|Venusaur-Mega
|switch|p2a: Gyarados|Gyarados, F|239/394 slp
|-damage|p2a: Gyarados|141/394 slp|[from] Stealth Rock
|-ability|p2a: Gyarados|Intimidate|[of] p1a: Venusaur
|-unboost|p1a: Venusaur|atk|1
|
|-heal|p2a: Gyarados|165/394 slp|[from] item: Leftovers
|turn|381
|chat|Stone_Cold22|oui oui
|chat|MikeDecIsHere|ily still though
|chat|MarceloDK|its taunt dd subs
|chat|Annoyer|mega gyara would have
|chat|MarceloDK|you FOOLS
|chat|Mr.E|anything with explosion would've ended the game a long time ago
|
|switch|p2a: Blissey|Blissey, F|631/688
|-damage|p2a: Blissey|545/688|[from] Stealth Rock
|move|p1a: Venusaur|Sludge Bomb|p2a: Blissey
|-damage|p2a: Blissey|448/688
|-status|p2a: Blissey|psn
|
|-heal|p2a: Blissey|491/688 psn|[from] item: Leftovers
|-damage|p2a: Blissey|405/688 psn|[from] psn
|turn|382
|chat|Soulgazer|marcy,,
|chat|Afro Smash|the crit
|chat|DTC|oh shit
|chat|THE_IRON_KENYAN|hon hon hon
|chat|Pwnemon|the psn
|
|switch|p1a: Chansey|Chansey, F|478/660
|move|p2a: Blissey|Aromatherapy|p2a: Blissey
|-cureteam|p2a: Blissey|[from] move: Aromatherapy
|
|-heal|p2a: Blissey|448/688|[from] item: Leftovers
|turn|383
|chat|Afro Smash|got him on the ropes!!
|chat|PttP|intense
|chat|Soulgazer|omelette du fromage
|chat|Pwnemon|last aroma?
|
|move|p2a: Blissey|Toxic|p1a: Chansey|[miss]
|-miss|p2a: Blissey|p1a: Chansey
|move|p1a: Chansey|Seismic Toss|p2a: Blissey
|-damage|p2a: Blissey|348/688
|
|-heal|p2a: Blissey|391/688|[from] item: Leftovers
|turn|384
|chat|Stone_Cold22|could this be
|chat|Stone_Cold22|the longest 6-0 ever?
|
|switch|p1a: Venusaur|Venusaur, M|237/364
|-formechange|p1a: Venusaur|Venusaur-Mega
|move|p2a: Blissey|Toxic|p1a: Venusaur
|-fail|p1a: Venusaur
|
|-heal|p2a: Blissey|434/688|[from] item: Leftovers
|turn|385
|chat|Pwnemon|lol
|
|switch|p1a: Chansey|Chansey, F|478/660
|move|p2a: Blissey|Soft-Boiled|p2a: Blissey
|-heal|p2a: Blissey|688/688
|
|turn|386
|
|move|p2a: Blissey|Toxic|p1a: Chansey
|-status|p1a: Chansey|tox
|move|p1a: Chansey|Toxic|p2a: Blissey
|-status|p2a: Blissey|tox
|
|-damage|p2a: Blissey|645/688 tox|[from] psn
|-damage|p1a: Chansey|437/660 tox|[from] psn
|turn|387
|chat|Heist|lord elyis would have won 150 turns ago if he wasn't playing for the 6-0 #shameful
|
|switch|p2a: Clefable|Clefable, M|89/394
|-damage|p2a: Clefable|40/394|[from] Stealth Rock
|switch|p1a: Venusaur|Venusaur, M|237/364
|-formechange|p1a: Venusaur|Venusaur-Mega
|
|-heal|p2a: Clefable|64/394|[from] item: Leftovers
|turn|388
|
|move|p2a: Clefable|Protect|p2a: Clefable
|-singleturn|p2a: Clefable|Protect
|move|p1a: Venusaur|Giga Drain|p2a: Clefable
|-activate|p2a: Clefable|Protect
|
|-heal|p2a: Clefable|88/394|[from] item: Leftovers
|turn|389
|chat|Afro Smash|:]
|chat|Soulgazer|nicee
|chat|Pwnemon|lol
|chat|Soulgazer|:]
|chat|MarceloDK|how, kev?
|chat|MarceloDK|o.o
|
|move|p2a: Clefable|Protect|p2a: Clefable
|-fail|p2a: Clefable
|move|p1a: Venusaur|Sludge Bomb|p2a: Clefable
|-supereffective|p2a: Clefable
|-damage|p2a: Clefable|0 fnt
|faint|p2a: Clefable
|
|chat|Pwnemon|ooooooooo
|chat|Annoyer|6-3.
|chat|Stone_Cold22|xDDD
|chat|jumpluff|rip
|chat|Arcticblast|THIRD KILL
|
|switch|p2a: Blissey|Blissey, F|645/688
|-damage|p2a: Blissey|559/688|[from] Stealth Rock
|turn|390
|chat|Soulgazer|THIRD BLOOD
|chat|Afro Smash|king fuckin elyis
|chat|Pwnemon|game
|
|switch|p1a: Chansey|Chansey, F|437/660
|switch|p2a: Nidoqueen|Nidoqueen, F|180/384
|-damage|p2a: Nidoqueen|156/384|[from] Stealth Rock
|
|-heal|p2a: Nidoqueen|180/384|[from] item: Leftovers
|turn|391
|chat|Pwnemon|over
|chat|the pdc show|300 is for 3
|
|move|p2a: Nidoqueen|Toxic Spikes|p1a: Chansey
|-sidestart|p1: Lord Elyis|move: Toxic Spikes
|move|p1a: Chansey|Seismic Toss|p2a: Nidoqueen
|-damage|p2a: Nidoqueen|80/384
|
|-heal|p2a: Nidoqueen|104/384|[from] item: Leftovers
|turn|392
|chat|Annoyer|n 389 for 3
|chat|Texas Cloverleaf|elyis doesnt win without some very fortunate roar/ww rolls tho
|chat|Soulgazer|pdc
|chat|Soulgazer|do u mean
|chat|Annoyer|778 for 6
|
|switch|p2a: Blissey|Blissey, F|559/688
|-damage|p2a: Blissey|473/688|[from] Stealth Rock
|move|p1a: Chansey|Seismic Toss|p2a: Blissey
|-damage|p2a: Blissey|373/688
|
|-heal|p2a: Blissey|416/688|[from] item: Leftovers
|turn|393
|chat|Soulgazer|turn 400 is for 4th kill
|chat|Soulgazer|?!
|chat|the pdc show|yes
|
|switch|p1a: Venusaur|Venusaur, M|237/364
|-formechange|p1a: Venusaur|Venusaur-Mega
|-sideend|p1: Lord Elyis|move: Toxic Spikes|[of] p1a: Venusaur
|move|p2a: Blissey|Soft-Boiled|p2a: Blissey
|-heal|p2a: Blissey|688/688
|
|turn|394
|chat|the pdc show|it is prophesised
|
|switch|p1a: Chansey|Chansey, F|437/660
|move|p2a: Blissey|Soft-Boiled|p2a: Blissey
|-fail|p2a: Blissey
|
|turn|395
|chat|OU Mew|2 kills within 100 turns insaaannee
|chat|the pdc show|prophesied 
|
|switch|p1a: Venusaur|Venusaur, M|237/364
|-formechange|p1a: Venusaur|Venusaur-Mega
|move|p2a: Blissey|Soft-Boiled|p2a: Blissey
|-fail|p2a: Blissey
|
|turn|396
|
|switch|p1a: Chansey|Chansey, F|437/660
|move|p2a: Blissey|Soft-Boiled|p2a: Blissey
|-fail|p2a: Blissey
|
|turn|397
|chat|MarceloDK|._.
|
|switch|p1a: Venusaur|Venusaur, M|237/364
|-formechange|p1a: Venusaur|Venusaur-Mega
|move|p2a: Blissey|Soft-Boiled|p2a: Blissey
|-fail|p2a: Blissey
|
|turn|398
|
|switch|p1a: Chansey|Chansey, F|437/660
|move|p2a: Blissey|Soft-Boiled|p2a: Blissey
|-fail|p2a: Blissey
|
|turn|399
|chat|Stone_Cold22|xD
|chat|Mr.E|lady bug you should press the (x) at the top of the page
|chat|MarceloDK|why lady bug just doesn't forfeit
|chat|Mr.E|and save us all a whole lot of trouble
|
|switch|p1a: Venusaur|Venusaur, M|237/364
|-formechange|p1a: Venusaur|Venusaur-Mega
|move|p2a: Blissey|Soft-Boiled|p2a: Blissey
|-fail|p2a: Blissey
|
|turn|400
|chat|Afro Smash|i cant think of anything id rather be doing with my time tbh
|chat|OU Mew|ctrl + Q
|chat|Annoyer|and himself
|chat|Mr.E|fucking picollo 2.0 right here
|chat|MarceloDK|which kind of sick person finds this funny
|
|switch|p1a: Chansey|Chansey, F|437/660
|move|p2a: Blissey|Soft-Boiled|p2a: Blissey
|-fail|p2a: Blissey
|
|turn|401
|chat|MarceloDK|o.o
|chat|Pwnemon|le thug
|chat|LonelyNess|last mon gyara has the opportunity to crit flinch to victory 
|chat|LonelyNess|so might as well take the chance
|
|switch|p2a: Nidoqueen|Nidoqueen, F|104/384
|-damage|p2a: Nidoqueen|80/384|[from] Stealth Rock
|switch|p1a: Venusaur|Venusaur, M|237/364
|-formechange|p1a: Venusaur|Venusaur-Mega
|
|-heal|p2a: Nidoqueen|104/384|[from] item: Leftovers
|turn|402
|chat|PttP|7 fnliches in a row
|chat|Hot N Cold|venusaur sludge bomb??
|chat|MarceloDK|its needs 3 crit flinches
|chat|Annoyer|he only has like 7 waterfalls left
|chat|MarceloDK|LN
|
|switch|p2a: Blissey|Blissey, F|688/688
|-damage|p2a: Blissey|602/688|[from] Stealth Rock
|move|p1a: Venusaur|Earthquake|p2a: Blissey
|-damage|p2a: Blissey|465/688
|
|-heal|p2a: Blissey|508/688|[from] item: Leftovers
|turn|403
|chat|Mr.E|if gyarados can even kill everything before running out of PP I'd be impressed
|chat|Annoyer|or some small number like that
|chat|MarceloDK|crit is only 1.5 now
|
|switch|p1a: Chansey|Chansey, F|437/660
|move|p2a: Blissey|Soft-Boiled|p2a: Blissey
|-heal|p2a: Blissey|688/688
|
|turn|404
|chat|LonelyNess|MarceloDK, that is a non-zero chance to win 
|chat|Mr.E|RIP
|chat|Hot N Cold|venusaur sludge bomb + no PP's lol
|chat|LonelyNess|might as well take it
|chat|Mr.E|Turn 404
|
|switch|p1a: Venusaur|Venusaur, M|237/364
|-formechange|p1a: Venusaur|Venusaur-Mega
|move|p2a: Blissey|Aromatherapy|p2a: Blissey
|-cureteam|p2a: Blissey|[from] move: Aromatherapy
|
|turn|405
|
|switch|p1a: Chansey|Chansey, F|437/660
|move|p2a: Blissey|Aromatherapy|p2a: Blissey
|-cureteam|p2a: Blissey|[from] move: Aromatherapy
|
|turn|406
|chat|Mr.E|pokemon battle not found
|
|switch|p1a: Venusaur|Venusaur, M|237/364
|-formechange|p1a: Venusaur|Venusaur-Mega
|-activate|p2a: Blissey|move: Struggle
|move|p2a: Blissey|Struggle|p1a: Venusaur
|-damage|p1a: Venusaur|229/364
|-damage|p2a: Blissey|516/688
|
|-heal|p2a: Blissey|559/688|[from] item: Leftovers
|turn|407
|chat|jumpluff|!
|chat|Afro Smash|the struggle is real
|
|switch|p1a: Gliscor|Gliscor, M|287/353 tox
|-activate|p2a: Blissey|move: Struggle
|move|p2a: Blissey|Struggle|p1a: Gliscor
|-damage|p1a: Gliscor|282/353 tox
|-damage|p2a: Blissey|387/688
|
|-heal|p2a: Blissey|430/688|[from] item: Leftovers
|-heal|p1a: Gliscor|326/353 tox|[from] ability: Poison Heal
|turn|408
|chat|PttP|ooh kill em
|chat|jumpluff|lmao
|chat|Annoyer|damn
|chat|OU Mew|most damage on blissey whole game
|chat|Soulgazer|:]
|
|move|p1a: Gliscor|Substitute|p1a: Gliscor
|-start|p1a: Gliscor|Substitute
|-damage|p1a: Gliscor|238/353 tox
|-activate|p2a: Blissey|move: Struggle
|move|p2a: Blissey|Struggle|p1a: Gliscor
|-activate|p1a: Gliscor|Substitute|[damage]
|-damage|p2a: Blissey|258/688
|
|-heal|p2a: Blissey|301/688|[from] item: Leftovers
|-heal|p1a: Gliscor|282/353 tox|[from] ability: Poison Heal
|turn|409
|
|move|p1a: Gliscor|Earthquake|p2a: Blissey
|-damage|p2a: Blissey|93/688
|-activate|p2a: Blissey|move: Struggle
|move|p2a: Blissey|Struggle|p1a: Gliscor
|-activate|p1a: Gliscor|Substitute|[damage]
|-damage|p2a: Blissey|0 fnt
|faint|p2a: Blissey
|
|-heal|p1a: Gliscor|326/353 tox|[from] ability: Poison Heal
|chat|Sir|imagine ladybug wins
|chat|Pwnemon|lol
|chat|Afro Smash|no
|chat|Mr.E|spoilers: lady bug loses
|
|switch|p2a: Nidoqueen|Nidoqueen, F|104/384
|-damage|p2a: Nidoqueen|80/384|[from] Stealth Rock
|turn|410
|chat|Ginku|yea
|chat|Ginku|imagine.
|chat|Mr.E|hey that's a real tag wtf
|chat|Annoyer|woah how do you do that
|
|move|p1a: Gliscor|Earthquake|p2a: Nidoqueen
|-supereffective|p2a: Nidoqueen
|-damage|p2a: Nidoqueen|0 fnt
|faint|p2a: Nidoqueen
|
|-heal|p1a: Gliscor|353/353 tox|[from] ability: Poison Heal
|chat|Treecko|lol
|chat|jdarden|lol yeah
|chat|Annoyer|spoilers: =)
|chat|Soulgazer|ah not bad
|
|switch|p2a: Gyarados|Gyarados, F|165/394
|-damage|p2a: Gyarados|67/394|[from] Stealth Rock
|-activate|p1a: Gliscor|Substitute|ability: Intimidate|[of] p2a: Gyarados
|turn|411
|chat|MikeDecIsHere|Spoilers: spoilers does that
|chat|Treecko|it's just "spoilers: text"
|chat|Treecko|oh
|chat|Treecko|oops
|chat|Soulgazer|spoilers: paco
|
|move|p1a: Gliscor|Toxic|p2a: Gyarados
|-status|p2a: Gyarados|tox
|move|p2a: Gyarados|Dragon Dance|p2a: Gyarados
|-boost|p2a: Gyarados|atk|1
|-boost|p2a: Gyarados|spe|1
|
|-heal|p2a: Gyarados|91/394 tox|[from] item: Leftovers
|-damage|p2a: Gyarados|67/394 tox|[from] psn
|turn|412
|chat|PttP|spoilers: eo is a faggot
|chat|Mr.E|spoilers: spoilers: spoilers:
|chat|Blue Eon|:a:
|chat|PttP|well i guess it wasnt that secret
|chat|Blue Eon|fuck tha
|chat|Blue Eon|t
|chat|Annoyer|new spectator secret.
|chat|Pwnemon|lol
|chat|Texas Cloverleaf|spoilers: test
|
|switch|p1a: Quagsire|Quagsire, M|362/393
|move|p2a: Gyarados|Waterfall|p1a: Quagsire
|-damage|p1a: Quagsire|263/393
|
|-heal|p2a: Gyarados|91/394 tox|[from] item: Leftovers
|-heal|p1a: Quagsire|287/393|[from] item: Leftovers
|-damage|p2a: Gyarados|43/394 tox|[from] psn
|turn|413
|chat|MikeDecIsHere|Texas
|chat|MikeDecIsHere|youre a PS mod
|chat|Pwnemon|spoiler: game over
|chat|Arcticblast|test in lobby :|
|chat|MikeDecIsHere|and you didn't know that?
|chat|MikeDecIsHere|lol
|chat|jdarden|see this is why we took it away from ps
|chat|Soulgazer|Mr. Quag
|chat|Texas Cloverleaf|i knew it
|
|move|p2a: Gyarados|Rest|p2a: Gyarados
|-status|p2a: Gyarados|slp
|-heal|p2a: Gyarados|394/394 slp|[silent]
|-status|p2a: Gyarados|slp|[from] move: Rest
|move|p1a: Quagsire|Earthquake|p2a: Gyarados
|-immune|p2a: Gyarados|[msg]
|
|-heal|p1a: Quagsire|311/393|[from] item: Leftovers
|turn|414
|chat|Texas Cloverleaf|i just never remembered the syntax
|chat|Arcticblast|LAST REST OF THE GAME
|chat|OU Mew|spoiler: d'oh
|
|cant|p2a: Gyarados|slp
|move|p1a: Quagsire|Earthquake|p2a: Gyarados
|-immune|p2a: Gyarados|[msg]
|
|-heal|p1a: Quagsire|335/393|[from] item: Leftovers
|turn|415
|chat|Afro Smash|spoiler: free sinclair
|chat|Sir|articblast
|chat|Sir|did u account for pp max
|
|cant|p2a: Gyarados|slp
|move|p1a: Quagsire|Earthquake|p2a: Gyarados
|-immune|p2a: Gyarados|[msg]
|
|-heal|p1a: Quagsire|359/393|[from] item: Leftovers
|turn|416
|chat|Arcticblast|yes
|
|-curestatus|p2a: Gyarados|slp
|move|p2a: Gyarados|Waterfall|p1a: Quagsire
|-damage|p1a: Quagsire|274/393
|move|p1a: Quagsire|Toxic|p2a: Gyarados
|-status|p2a: Gyarados|tox
|
|-heal|p1a: Quagsire|298/393|[from] item: Leftovers
|-damage|p2a: Gyarados|370/394 tox|[from] psn
|turn|417
|chat|Pwnemon|damn
|chat|Pwnemon|thats big
|chat|Sir|nice
|
|move|p2a: Gyarados|Waterfall|p1a: Quagsire
|-damage|p1a: Quagsire|210/393
|move|p1a: Quagsire|Recover|p1a: Quagsire
|-heal|p1a: Quagsire|393/393
|
|-heal|p2a: Gyarados|394/394 tox|[from] item: Leftovers
|-damage|p2a: Gyarados|346/394 tox|[from] psn
|turn|418
|chat|Mr.E|FREE SINCLAIR
|chat|Soulgazer|amazing 6-0
|chat|Stone_Cold22|lady_bro playing it out anywy
|
|move|p2a: Gyarados|Waterfall|p1a: Quagsire
|-damage|p1a: Quagsire|306/393
|move|p1a: Quagsire|Scald|p2a: Gyarados
|-resisted|p2a: Gyarados
|-damage|p2a: Gyarados|313/394 tox
|
|-heal|p2a: Gyarados|337/394 tox|[from] item: Leftovers
|-heal|p1a: Quagsire|330/393|[from] item: Leftovers
|-damage|p2a: Gyarados|265/394 tox|[from] psn
|turn|419
|chat|Nachos|Free Sinclair.
|chat|Arcticblast|well I think it's the last rest
|chat|Blue Eon|spoiler: gay
|chat|Soulgazer|agreeing with mre
|chat|Arcticblast|idk
|chat|Mr.E|more like lady_bitch
|chat|Soulgazer|free my boy sinclair
|chat|Hot N Cold|spoilers: lmao
|
|move|p2a: Gyarados|Waterfall|p1a: Quagsire
|-damage|p1a: Quagsire|240/393
|move|p1a: Quagsire|Recover|p1a: Quagsire
|-heal|p1a: Quagsire|393/393
|
|-heal|p2a: Gyarados|289/394 tox|[from] item: Leftovers
|-damage|p2a: Gyarados|193/394 tox|[from] psn
|turn|420
|chat|Mr.E|wasting time
|chat|Mr.E|like a bitch
|chat|Nachos|give sinclair his spl experience :[
|
|move|p2a: Gyarados|Waterfall|p1a: Quagsire
|-damage|p1a: Quagsire|293/393
|move|p1a: Quagsire|Scald|p2a: Gyarados
|-resisted|p2a: Gyarados
|-damage|p2a: Gyarados|163/394 tox
|
|-heal|p2a: Gyarados|187/394 tox|[from] item: Leftovers
|-heal|p1a: Quagsire|317/393|[from] item: Leftovers
|-damage|p2a: Gyarados|67/394 tox|[from] psn
|turn|421
|chat|Stone_Cold22|spoilers: ggwp
|chat|Lady bug|gg
|chat|Lord Elyis|gg
|
|move|p2a: Gyarados|Waterfall|p1a: Quagsire
|-damage|p1a: Quagsire|221/393
|move|p1a: Quagsire|Recover|p1a: Quagsire
|-heal|p1a: Quagsire|393/393
|
|-heal|p2a: Gyarados|91/394 tox|[from] item: Leftovers
|-damage|p2a: Gyarados|0 fnt|[from] psn
|faint|p2a: Gyarados
|
|win|Lord Elyis
|chat|Nachos|gg
|chat|Sir|gg
|chat|Annoyer|almost 420
|chat|Aqualouis|it's not 6/0
|chat|Soulgazer|!
|player|p2
|chat|Aqualouis|it's 6 awww
